@ARTICLE{marsella:ema-process-model,
	AUTHOR = {Stacy C. Marsella and Jonathan Gratch},
	TITLE = {{EMA}: A process model of appraisal dynamics},
	JOURNAL = {Cognitive Systems Research},
	VOLUME = {10},
	NUMBER = {1},
	PAGES = {70-90},
	MONTH = {March},
	YEAR = {2009}
}

@ARTICLE{tahboub:hri-dbn,
	AUTHOR = {Karim A. Tahboub},
	TITLE = {Intelligent Human-Machine Interaction Based on Dynamic Bayesian Networks Probabilistic Intention Recognition},
	JOURNAL = {Journal of Intelligent and Robotic Systems},
	VOLUME = {45},
	NUMBER = {1},
	PAGES = {31--52},
	YEAR = {2006}
}

@ARTICLE{fox:bayesian-location,
	AUTHOR = {Dieter Fox and Jeffrey Hightower and Lin Liao and Dirk Schulz and Gaetano Borriello},
	TITLE = {Bayesian filtering for location estimation},
	JOURNAL = {IEEE Pervasive Computing},
	VOLUME = {2},
	PAGES = {24--33},
	YEAR = {2003}
}

@ARTICLE{bello:cginitive-foundation-tom,
	AUTHOR = {Paul Bello},
	TITLE = {Cognitive foundations for a computational theory of mindreading},
	JOURNAL = {Advances in Cognitive Systems},
	VOLUME = {1},
	PAGES = {59--72},
	YEAR = {2012}
}

@ARTICLE{gratch:domain-independent,
	AUTHOR = {Jonathan Gratch and Stacy C.Marsella},
	TITLE = {A Domain-independent Framework for Modeling Emotion},
	JOURNAL = {Cognitive Systems Research},
	VOLUME = {5},
	NUMBER = {4},
	PAGES = {269--306},
	YEAR = {2004}
}

@ARTICLE{park:bn-service-robot,
	AUTHOR = {Han-Saem Park and Sung-Bae Cho},
	TITLE = {A modular design of Bayesian networks using expert knowledge: Context-aware home service robot},
	JOURNAL = {Expert Systems with Applications},
	VOLUME = {39},
	NUMBER = {3},
	PAGES = {2629--2642},
	YEAR = {2012}
}

@ARTICLE{nielsen:fusion-bn-mas,
	AUTHOR = {Soren Holbech Nielsen and Simon Parsons},
	TITLE = {An application of formal argumentation: Fusing Bayesian networks in multi-agent systems},
	JOURNAL = {Artificial Intelligence},
	VOLUME = {171},
	NUMBER = {10–15},
	PAGES = {754--775},
	YEAR = {2007}
}

@ARTICLE{yager:generalizing-leximin,
	AUTHOR = {Ronald R. Yager and Carol L. Walker and Elbert A. Walker},
	TITLE = {Generalizing Leximin to t-norms and t-conorms: the LexiT and LexiS orderings},
	JOURNAL = {Fuzzy Sets and Systems},
	VOLUME = {151},
	NUMBER = {2},
	PAGES = {327--340},
	YEAR = {2005}
}

@ARTICLE{antonio:cog-defuzzification,
	AUTHOR = {Antonio Claudio Marques Afonso and Andre Maciel Netto and Wagner Estaquio de Vasconcelos},
	TITLE = {Fuzzy logic applied to the modeling of water dynamics in an Oxisol in northeastern Brazil},
	JOURNAL = {Revista Brasileira de Ciencia do Solo},
	VOLUME = {38},
	NUMBER = {2},
	PAGES = {454--463},
	YEAR = {2014}
}

@ARTICLE{mercer:emotional-beliefs,
	AUTHOR = {Jonathan Mercer},
	TITLE = {Emotional Beliefs},
	JOURNAL = {Journal of International Organization},
	VOLUME = {64},
	NUMBER = {1},
	PAGES = {1--31},
	YEAR = {2010}
}

@ARTICLE{zadeh:fuzzy,
	AUTHOR = {Lotfi A. Zadeh},
	TITLE = {Fuzzy Sets},
	JOURNAL = {Information and Control},
	VOLUME = {8},
	NUMBER = {3},
	PAGES = {338--353},
	YEAR = {1965},
}

@ARTICLE{kay:dst-reliability,
	AUTHOR = {Rakowsky Uwe Kay},
	TITLE = {Fundamentals of the dempster-shafer theory and its applications to system safety and reliability modelling},
	JOURNAL = {Reliability : Theory \& Applications},
	VOLUME = {3},
	NUMBER = {4},
	PAGES = {173--185},
	YEAR = {2007},
}

@ARTICLE{yager:dst-combination-rules,
	AUTHOR = {Ronald R. Yager},
	TITLE = {On the Dempster–Shafer framework and new combination rules},
	JOURNAL = {Information Science},
	VOLUME = {41},
	NUMBER = {2},
	PAGES = {93--137},
	YEAR = {1987},
}

@ARTICLE{srivastava:evidential-reasoning-uncertainty,
	AUTHOR = {Rajendra P. Srivastava},
	TITLE = {An Introduction to Evidential Reasoning for Decision Making under Uncertainty: Bayesian and Belief Functions Perspectives},
	JOURNAL = {International Journal of Accounting Information Systems},
	VOLUME = {12},
	NUMBER = {2},
	PAGES = {126--135},
	YEAR = {2011},
}

@ARTICLE{beynon:dst-alternative-decision,
	AUTHOR = {Malcolm Beynon and Bruce Curry and Peter Morgan},
	TITLE = {The Dempster–Shafer theory of evidence: an alternative approach to multicriteria decision modelling},
	JOURNAL = {Omega, The International Journal of Management Science},
	VOLUME = {28},
	NUMBER = {1},
	PAGES = {37--50},
	YEAR = {2000},
}

@ARTICLE{mehrabian:pad,
	AUTHOR = {Iris Bakker and Theo van der Voordt and Peter Vink and Jan de Boon},
	TITLE = {Pleasure, Arousal, Dominance: Mehrabian and Russell revisited},
	JOURNAL = {Current Psychology},
	VOLUME = {33},
	NUMBER = {3},
	PAGES = {405-421},
	YEAR = {2014},
}

@ARTICLE{zhu:emotion-action,
	AUTHOR = {Jing Zhu and Paul Thagard},
	TITLE = {Emotion and Action},
	JOURNAL = {Journal of Philosophical Psychology},
	VOLUME = {15},
	NUMBER = {1},
	PAGES = {19-36},
	YEAR = {2002}
}

@ARTICLE{jennings:joint-intention-hybrid,
	AUTHOR = {Nicholas R. Jennings},
	TITLE = {Controlling Cooperative Problem Solving in Industrial Multi-Agent Systems using Joint Intentions},
	JOURNAL = {Artificial Intelligence},
	VOLUME = {75},
	NUMBER = {2},
	PAGES = {195--240},
	YEAR = {1995}
}

@ARTICLE{grosz:collaboration,
	AUTHOR = {Barbara J. Grosz and Sarit Kraus},
	TITLE = {Collaborative Plans for Complex Group Action},
	JOURNAL = {Artificial Intelligence},
	VOLUME = {86},
	NUMBER = {2},
	PAGES = {269-357},
	YEAR = {1996}
}

@ARTICLE{marinier:behavior-emotion,
	AUTHOR = {Robert P. {Marinier III} and John E. Laird and Richard L. Lewis},
	TITLE = {A computational unification of cognitive behavior and emotion},
	JOURNAL = {Cognitive System Research},
	VOLUME = {10},
	NUMBER = {1},
	PAGES = {48-69},
	MONTH = {March},
	YEAR = {2009}
}

@ARTICLE{reisenzein:belief-desire,
	AUTHOR = {Rainer Reisenzein},
	TITLE = {Emotions as metarepresentational states of mind: Naturalizing the belief-desire theory of emotion},
	JOURNAL = {Cognitive System Research},
	VOLUME = {10},
	NUMBER = {1},
	PAGES = {6-20},
	MONTH = {March},
	YEAR = {2009}
}

@ARTICLE{parkinson:holds-emotion,
	AUTHOR = {Brian Parkinson},
	TITLE = {What holds emotions together? Meaning and response coordination},
	JOURNAL = {Cognitive System Research},
	VOLUME = {10},
	NUMBER = {1},
	PAGES = {31-47},
	YEAR = {2009}
}

@ARTICLE{clore:affective-guidance,
	AUTHOR = {Gerald L. Clore and Janet Palmer},
	TITLE = {Affective guidance of intelligent agents: How emotion controls cognition},
	JOURNAL = {Cognitive System Research},
	VOLUME = {10},
	NUMBER = {1},
	PAGES = {21-30},
	YEAR = {2009}
}

@ARTICLE{gratch:emotion-consequences,
	AUTHOR = {Jonathan Gratch and Stacy Marsella and Paolo Petta},
	TITLE = {Modeling the cognitive antecedents and consequences of emotion},
	JOURNAL = {Cognitive System Research},
	VOLUME = {10},
	NUMBER = {1},
	PAGES = {1-5},
	YEAR = {2009}
}

@ARTICLE{gratch:evaluating,
	AUTHOR = {Jonathan Gratch and Stacy Marsella},
	TITLE = {Evaluating a computational model of emotion},
	JOURNAL = {Journal of Autonomous Agents and Multi-Agent Systems. Special Issue on the Best of {AAMAS} 2004},
	VOLUME = {11},
	NUMBER = {1},
	PAGES = {23-43},
	MONTH = {July},
	YEAR = {2005}
}

@ARTICLE{kleef:emotion-regulate-social,
	AUTHOR = {Gerben A. Van Kleef},
	TITLE = {How Emotions Regulate Social Life: The Emotions as Social Information {(EASI)} Model},
	JOURNAL = {Current Directions in Psychological Science},
	VOLUME = {18},
	NUMBER = {3},
	PAGES = {184-188},
	YEAR = {2009}
}

@ARTICLE{trafimow:cognitive-affective-beliefs,
	AUTHOR = {David Trafimow and Paschal Sheeran},
	TITLE = {Some Tests of the Distinction between Cognitive and Affective Beliefs},
	JOURNAL = {Journal of Experimental Social Psychology},
	VOLUME = {34},
	NUMBER = {4},
	PAGES = {378-397},
	YEAR = {1998}
}

@ARTICLE{lim:mei-motherese-ei,
	AUTHOR = {Angelica Lim and Hiroshi G. Okuno},
	TITLE = {The MEI Robot: Towards Using Motherese to Develop Multimodal Emotional Intelligence},
	JOURNAL = {IEEE Transactions Autonomous Mental Development},
	VOLUME = {6},
	NUMBER = {2},
	PAGES = {126-138},
	YEAR = {2014}
}

@ARTICLE{castro:autonomous-robot-fear,
	AUTHOR = {Alvaro Castro Gonzalez and Maria Malfaz and Miguel Angel Salichs},
	TITLE = {An Autonomous Social Robot in Fear},
	JOURNAL = {IEEE Transactions Autonomous Mental Development},
	VOLUME = {5},
	NUMBER = {2},
	PAGES = {135--151},
	YEAR = {2013}
}

@ARTICLE{neale:grice-language,
	AUTHOR = {Stephen Neale},
	TITLE = {Paul Grice and the Philosophy of Language },
	JOURNAL = {Linguistics and Philosophy},
	VOLUME = {15},
	NUMBER = {5},
	PAGES = {509--559},
	YEAR = {1992}
}

@ARTICLE{bratman:shared-activity,
	AUTHOR = {Michael E. Bratman},
	TITLE = {Shared Cooperative Activity},
	JOURNAL = {Philosophical Review},
	VOLUME = {101},
	NUMBER = {2},
	PAGES = {327--341},
	PUBLISHER = {Duke University Press},
	YEAR = {1992}
}

@ARTICLE{bratman:plans-reasoning,
	AUTHOR = {Michael E. Bratman and David J. Israel and Martha E. Pollack},
	TITLE = {Plans and resource-bounded practical reasoning},
	JOURNAL = {Computational Intelligence},
	VOLUME = {4},
	NUMBER = {3},
	PAGES = {349--355},
	PUBLISHER = {Blackwell Publishing Ltd},
	YEAR = {1988}
}

@ARTICLE{cohen:intention-commitment,
	AUTHOR = {Philip R. Cohen and Hector J. Levesque},
	TITLE = {Intention is Choice with Commitment},
	JOURNAL = {Artificial Intelligence},
	VOLUME = {42},
	NUMBER = {2-3},
	PAGES = {213--261},
	PUBLISHER = {Elsevier Science Publishers Ltd.},
	YEAR = {1990}
} 

@ARTICLE{langley:cognitive-architectures,
	AUTHOR = {Pat Langley and John E. Laird and Seth Rogers},
	TITLE = {Cognitive architectures: Research issues and challenges},
	JOURNAL = {Cognitive Systems Research},
	VOLUME = {10},
	NUMBER = {2},
	PAGES = {141-160},
	YEAR = {2009}
}

@ARTICLE{arbib:brain-robot,
	AUTHOR = {Michael A. Arbib and Jean Marc Fellous},
	TITLE = {Emotions: from brain to robot},
	JOURNAL = {TRENDS in Cognitive Sciences},
	VOLUME = {8},
	NUMBER = {12},
	PAGES = {554-561},
	YEAR = {2004}
}

@ARTICLE{thagard:emotional-coherence,
	AUTHOR = {Paul Thagard},
	TITLE = {Why wasn't O. J. convicted: emotional coherence in legal inference},
	JOURNAL = {Cognition and Emotion},
	VOLUME = {17},
	NUMBER = {3},
	PAGES = {361-383},
	YEAR = {2003}
}

@ARTICLE{dario:robot-companions,
	AUTHOR = {Paolo Dario and Paul F. M. J. Verschure and Tony J. Prescott and Gordon Cheng and Giulio Sandini and Roberto Cingolani and R{\"u}diger Dillmann and
               Dario Floreano and Christophe Leroux and Sheila MacNeil and Pieter Roelfsema and Xenophon Verykios and Antonio Bicchi and Chris Melhuish and Alin Albu-Sch{\"a}ffer},
	TITLE = {Robot Companions for Citizens},
	JOURNAL = {Procedia Computer Sience},
	VOLUME = {7},
	PAGES = {47-51},
	YEAR = {2011}
}

@ARTICLE{rich:discourse,
	AUTHOR = {Charles Rich and Candace L. Sidner and Neal Lesh},
	TITLE = {{COLLAGEN}: Applying Collaborative Discourse Theory to Human-Computer Interaction},
	JOURNAL = {AI Magazine},
	VOLUME = {22},
	NUMBER = {4},
	PAGES = {15-26},
	YEAR = {2001}
}

@ARTICLE{rich:collaboration-manager,
	AUTHOR = {Charles Rich and Candace L. Sidner},
	TITLE = {{COLLAGEN}: A Collaboration Manager for Software Interface Agents},
	JOURNAL = {User Modeling User-Adapted Interaction},
	VOLUME = {8},
	NUMBER = {3-4},
	PAGES = {315-350},
	YEAR = {1998}
}

@ARTICLE{gadanho:learning-emotions,
	AUTHOR = {Sandra Clara Gadanho and John Hallam},
	TITLE = {Robot learning driven by emotions},
	JOURNAL = {AI Magazine},
	VOLUME = {9},
	NUMBER = {1},
	PAGES = {42-64},
	YEAR = {2001}
}

@ARTICLE{grosz:discourse-structure,
	AUTHOR = {Barbara J. Grosz and Candace L. Sidner},
	TITLE = {Attention, intentions, and the structure of discourse},
	JOURNAL = {Computational Linguistics},
	VOLUME = {12},
	NUMBER = {3},
	PAGES = {175-204},
	MONTH = {July},
	YEAR = {1986}
}

@ARTICLE{rich:cea,
	AUTHOR = {Charles Rich},
	TITLE = {Building Task-Based User Interfaces with {ANSI/CEA}-2018},
	JOURNAL = {IEEE Computer},
	VOLUME = {42},
	NUMBER = {8},
	PAGES = {20-27},
	MONTH = {July},
	YEAR = {2009}
}

@ARTICLE{grosz:collaborative-systems,
	AUTHOR = {Barbara J. Grosz},
	TITLE = {{AAAI-94} Presidential Address: Collaborative Systems},
	JOURNAL = {{AI} Magazine},
	VOLUME = {17},
	NUMBER = {2},
	PAGES = {67--85},
	YEAR = {1996}
}

@ARTICLE{grosz:ccsp,
	AUTHOR = {Barbara J. Grosz and Luke Hunsberger},
	TITLE = {The Dynamics of Intention in Collaborative Activity},
	JOURNAL = {Cognitive Systems Research},
	VOLUME = {7},
	NUMBER = {2-3},
	PUBLISHER = {Elsevier Science Publishers B. V.},
	PAGES = {259--272},
	YEAR = {2006}
} 

@ARTICLE{grosz:planning-acting,
	AUTHOR = {Barbara J. Grosz and Luke Hunsberger and Sarit Kraus},
	TITLE = {Planning and Acting Together},
	JOURNAL = {{AI} Magazine},
	VOLUME = {20},
	NUMBER = {4},
	PAGES = {23--34},
	YEAR = {1999}
}

@ARTICLE{dempster:theory,
	AUTHOR = {Arthur P. Dempster},
	TITLE = {A generalization of Bayesian inference},
	JOURNAL = {Journal of the Royal Statistical Society},
	VOLUME = {30},
	NUMBER = {B},
	PAGES = {205--247},
	YEAR = {1968}
}

@ARTICLE{grosz:mice-menus,
	AUTHOR = {Barbara J. Grosz},
	TITLE = {Beyond Mice and Menus},
	JOURNAL = {Proceedings of the American Philosophical Society},
	VOLUME = {149},
	NUMBER = {4},
	PAGES = {523--543},
	YEAR = {2005}
}

@ARTICLE{frijda:laws-emotion,
	AUTHOR = {Nico H. Frijda},
	TITLE = {The laws of emotion},
	JOURNAL = {American Psychologist},
	VOLUME = {43},
	NUMBER = {5},
	PAGES = {349-358},
	MONTH = {May},
	YEAR = {1988}
}

@ARTICLE{levenson:emotion-functions,
	AUTHOR = {Robert W. Levenson},
	TITLE = {The Interpersonal Functions of Emotion},
	JOURNAL = {Cognition and Emotion},
	VOLUME = {13},
	NUMBER = {5},
	PAGES = {481-504},
	YEAR = {1999}
}

@ARTICLE{keltner:emotion-functions,
	AUTHOR = {Dacher Keltner and Jonathan Haidt},
	TITLE = {Social Functions of Emotions at Four Levels of Analysis},
	JOURNAL = {Cognition and Emotion},
	VOLUME = {13},
	NUMBER = {5},
	PAGES = {505-521},
	YEAR = {1999}
}

@ARTICLE{keltner:functional-accounts,
	AUTHOR = {Dacher Keltner and James J. Gross},
	TITLE = {Functional Accounuts of Emotions},
	JOURNAL = {Cognition and Emotion},
	VOLUME = {13},
	NUMBER = {5},
	PAGES = {467-480},
	YEAR = {1999}
}

@ARTICLE{tomaka:belief-appraisal,
	AUTHOR = {Joe Tomaka and Jim Blascovich},
	TITLE = {Effects of Justice Beliefs on Cognitive Appraisal of and Subjective, Physiological, and Behavioral Responses to Potential Stress},
	JOURNAL = {Journal of Personality and Social Psychology},
	VOLUME = {67},
	NUMBER = {4},
	PAGES = {732-740},
	YEAR = {1994}
}

@ARTICLE{carver:affect-behavior,
	AUTHOR = {Charles S. Carver},
	TITLE = {Affect and the Functional Bases of Behavior: On the Dimensional Structure of Affective Experience},
	JOURNAL = {Personality and Social Psychology Review},
	VOLUME = {5},
	NUMBER = {4},
	PAGES = {345--356},
	YEAR = {2001}
}

@ARTICLE{breazeal:expressive-behavior,
	AUTHOR = {Cynthia Breazeal},
	TITLE = {Role of expressive behaviour for robots that learn from people},
	JOURNAL = {Philosophical transactions of the Royal Society of London. Series B, Biological sciences},
	VOLUME = {364},
	NUMBER = {1535},
	PAGES = {3527--38},
	YEAR = {2009}
}

@ARTICLE{leite:empathy-hri,
	AUTHOR = {Iolanda Leite and Andr{\'e} Pereira and Samuel Mascarenhas and Carlos Martinho and Rui Prada and Ana Paiva},
	TITLE = {The Influence of Empathy in Human-robot Relations},
	JOURNAL = {International Journal of Human-Computer Studies},
	VOLUME = {71},
	NUMBER = {3},
	PAGES = {250--260},
	YEAR = {2013}
}

@ARTICLE{zeng:affect-recognition,
	AUTHOR = {Zhihong Zeng and Maja Pantic and Glenn I. Roisman and Thomas S. Huang},
	TITLE = {A survey of affect recognition methods: Audio, visual and spontaneous expressions},
	JOURNAL = {IEEE Transactions on Pattern Analysis and Machine Intelligence},
	VOLUME = {31},
	NUMBER = {1},
	PAGES = {39--58},
	YEAR = {2009}
}

@ARTICLE{rubin:comparison-dimensional,
	AUTHOR = {David C. Rubin and Jennifer M. Talarico},
	TITLE = {A comparison of dimensional models of emotion: Evidence from emotions, prototypical events, autobiographical memories, and words},
	JOURNAL = {Memory},
	VOLUME = {17},
	NUMBER = {8},
	PAGES = {802--808},
	YEAR = {2009}
}

@ARTICLE{posner:circumplex-affect,
	AUTHOR = {JONATHAN POSNER and JAMES A. RUSSELL and BRADLEY S. PETERSON},
	TITLE = {The circumplex model of affect: An integrative approach to affective neuroscience, cognitive development, and psychopathology},
	JOURNAL = {Development and Psychopathology},
	VOLUME = {null},
	NUMBER = {3},
	PAGES = {715--734},
	YEAR = {2005}
}

@ARTICLE{breazeal:humanoid-robots,
	AUTHOR = {Cynthia Breazeal and Andrew Brooks and Jesse Gray and Guy Hoffman and Cory Kidd and Hans Lee and Jeff Lieberman and Andrea Lockerd and David Mulanda},
	TITLE = {Humanoid Robots as Cooperative Partners for People},
	JOURNAL = {Journal of Humanoid Robots},
	VOLUME = {1},
	NUMBER = {2},
	PAGES = {1--34},
	YEAR = {2004}
}

@ARTICLE{russell:circumplex-affect,
	AUTHOR = {James A. Russell},
	TITLE = {A circumplex model of affect},
	JOURNAL = {Journal of Personality and Social Psychology},
	VOLUME = {39},
	NUMBER = {6},
	PAGES = {1161--1178},
	YEAR = {1980}
}

@ARTICLE{barrett:emotions-natural,
	AUTHOR = {Barrett, Lisa Feldman}, 
	TITLE = {Are Emotions Natural Kinds?},
	JOURNAL = {Perspectives on Psychological Science},
	VOLUME = {1}, 
	NUMBER = {1}, 
	PAGES = {28--58}, 
	YEAR = {2006} 
}

@ARTICLE{watson:consensual-structure-mood,
    AUTHOR = {Watson, David and Tellegen, Auke},
    TITLE = {Toward a consensual structure of mood},
    JOURNAL = {Psychological Bulletin},
    VOLUME = {98},
    NUMBER = {2},
    PAGES = {219--235},
    YEAR = {1985}
}

@ARTICLE{anderson:newell-cognition,
    AUTHOR = {John R. Anderson and Christian Lebiere},
    TITLE = {The Newell Test for a theory of cognition},
    JOURNAL = {Behavioral and Brain Sciences},
    VOLUME = {26},
    NUMBER = {5},
    PAGES = {587--640},
    YEAR = {2003}
}

@ARTICLE{power:mutual-intention,
	AUTHOR = {Richard Power},
	TITLE = {Mutual Intention},
	JOURNAL = {Journal for the Theory of Social Behaviour},
	VOLUME = {14},
	NUMBER = {1},
	PAGES = {85--102},
	MONTH = {March},
	YEAR = {1984}
}

@ARTICLE{hudlicka:guidelines-emotions,
	AUTHOR = {Eva Hudlicka},
	TITLE = {GUIDELINES FOR DESIGNING COMPUTATIONAL MODELS OF EMOTIONS},
	JOURNAL = {International Journal of Synthetic Emotions},
	VOLUME = {2},
	NUMBER = {1},
	PAGES = {85--102},
	YEAR = {2011}
}

@ARTICLE{scheutz:affect-role,
	AUTHOR = {Matthias Scheutz},
	TITLE = {Architectural Roles of Affect and How to Evaluate Them in Artificial Agents},
	JOURNAL	= {International Journal of Synthetic Emotions},
	VOLUME = {2},
	NUMBER = {2},
	PAGES = {48--65},
	YEAR = {2011}
}

@ARTICLE{GrossbergGutowski:affect-cognition,
	AUTHOR = {Grossberg, S. and Gutowski, W. E.},
	TITLE = {Neural dynamics of decision making under risk: Affective balance and cognitive-emotional interactions},
	JOURNAL = {Psychological Review},
	VOLUME = {94},
	NUMBER = {3},
	PAGES = {300--318},
	YEAR = {1987}
}

@ARTICLE{adam:logical-formalization,
	AUTHOR = {Adam, Carole and Herzig, Andreas and Longin, Dominique},
	TITLE = {A logical formalization of the {OCC} theory of emotions.},
	JOURNAL = {Synthese},
	VOLUME = {168},
	NUMBER = {2},
	PAGES = {201--248},
	YEAR = {2009}
}

@ARTICLE{tambe:flexible-teamwork,
    AUTHOR = {Milind Tambe},
    TITLE = {Towards flexible teamwork},
    JOURNAL = {Journal of Artificial Intelligence Research},
    VOLUME = {7},
    PAGES = {83--124},
    YEAR = {1997}
}

@ARTICLE{brave:computers-care,
    AUTHOR = {Scott Brave and Clifford Nass and Kevin Hutchinson},
    TITLE = {Computers that care: investigating the effects of orientation of emotion exhibited by an embodied computer agent},
    JOURNAL = {International Journal of Human-Computer Studies},
    VOLUME = {62},
    NUMBER = {2},
    PAGES = {161--178},
    YEAR = {2005}
}

@ARTICLE{liu:affect-robot-behavior,
    AUTHOR = {Changchun Liu and Nilanjan Sarkar},
    TITLE = {Online affect detection and robot behavior adaptation for intervention of children with autism},
    JOURNAL = {IEEE TRANSACTIONS ON ROBOTICS},
    VOLUME = {24},
    NUMBER = {4},
    PAGES = {883--896},
    YEAR = {2008}
}

@ARTICLE{scott:modeling-empathy-agent,
    AUTHOR = {Scott W. McQuiggan and James C. Lester},
    TITLE = {Modeling and evaluating empathy in embodied companion agents},
    JOURNAL = {International Journal of Human-Computer Studies},
    VOLUME = {65},
    NUMBER = {4},
    PAGES = {348--360},
    YEAR = {2007}
}

@ARTICLE{bickmore:longterm-relationship,
    AUTHOR = {Milind Tambe},
    TITLE = {Establishing and maintaining long-term human-computer relationships},
    JOURNAL = {ACM Transactions on Computer-Human Interaction (TOCHI)},
    VOLUME = {12},
    NUMBER = {2},
    PAGES = {293--327},
    YEAR = {2005}
}

@ARTICLE{prendinger:empathic-companion,
    AUTHOR = {Helmut Prendinger and Mitsuru Ishizuka},
    TITLE = {The Empathic Companion: a Character-Based Interface that Addresses Users' Affective States},
    JOURNAL = {Applied Artificial Intelligence},
    VOLUME = {19},
    NUMBER = {3-4},
    PAGES = {267--285},
    YEAR = {2005}
}

@ARTICLE{scherer:expression-appraisal,
    AUTHOR = {Klaus R. Scherer and Heiner Eligring},
    TITLE = {Are facial expressions of emotion produced by categorical affect programs or dynamically driven by appraisal?},
    JOURNAL = {Emotion},
    VOLUME = {7},
    NUMBER = {1},
    PAGES = {113--130},
    YEAR = {2007}
}

@ARTICLE{depaulo:nonverbal-behavior,
    AUTHOR = {Bella M. DePaulo},
    JOURNAL = {Psychological Bulletin},
    TITLE = {Nonverbal behavior and self-presentation.},
    VOLUME = {111},
    NUMBER = {2},
    PAGES = {203--243},
    YEAR = {1992}
}

@ARTICLE{levenson:affective-exchange,
    AUTHOR = {Robert W. Levenson and John M. Gottman},
    JOURNAL = {Personality and Social Psychology},
    TITLE = {Martial Interaction: Physiological Linkage and Affective Exchnage},
    VOLUME = {45},
    NUMBER = {3},
    PAGES = {587--597},
    YEAR = {1983}
}

@ARTICLE{bretherton:emotions-functionalist,
    AUTHOR = {Inge Bretherton and Janet Fritz and Carolyn Zahn-Waxler and Doreen Ridgeway},
    JOURNAL = {Child Development},
    TITLE = {Learning to Talk about Emotions: A Functionalist Perspective},
    VOLUME = {57},
    NUMBER = {3},
    PAGES = {529--548},
    YEAR = {1986}
}

@ARTICLE{scherer:vocal-expression,
    AUTHOR = {Klaus R. Scherer},
    JOURNAL = {Psychological Bulletin},
    TITLE = {Vocal affect expression: A review and a model for future research.},
    VOLUME = {99},
    NUMBER = {2},
    PAGES = {143--165},
    YEAR = {1986}
}

@ARTICLE{scherer:dynamic-architecture-emotion,
    AUTHOR = {Klaus R. Scherer},
    JOURNAL = {Cognition and Emotion},
    TITLE = {The dynamic architecture of emotion: Evidence for the component process model},
    VOLUME = {23},
    NUMBER = {7},
    PAGES = {1307--1351},
    YEAR = {2009}
}

@article{scherer:emotions-emergent,
    AUTHOR = {Klaus R. Scherer},
    JOURNAL = {Philosophical Transactions of the Royal Society B: Biological Sciences},
    TITLE = {Emotions are emergent processes: they require a dynamic computational architecture},
    VOLUME = {364},
    NUMBER = {1535},
    PAGES = {3459--3474},
    YEAR = {2009}
}

@ARTICLE{cole:reciprocity-collaboration,
	AUTHOR = {Tim Cole and Bruno Teboul},
	TITLE = {Non-zero-sum collaboration, reciprocity, and the preference for similarity: Developing an adaptive model of close relational functioning},
	JOURNAL = {Personal Relationships},
	VOLUME = {11},
	NUMBER = {2},
	PAGES = {135--160},
	YEAR = {2004}
}

@ARTICLE{appleton:engagement,
	AUTHOR = {James J. Appleton and Sandra L. Christenson and Michael J. Furlong},
	TITLE = {{Student engagement with school: Critical conceptual and methodological issues of the construct}},
	JOURNAL = {Psychology in The Schools},
	VOLUME = {45},
	NUMBER = {5},
	PAGES = {369--386},
	YEAR = {2008}
}

@ARTICLE{kitano:robocup,
	AUTHOR = {Hiroaki Kitano and Minoru Asada and Yasuo Kuniyoshi and Itsuki Noda and Eiichi Osawai and Hitoshi Matsubara},
	TITLE = {RoboCup: {A} Challenge Problem for {AI}},
	JOURNAL = {{AI} Magazine},
	VOLUME = {18},
	NUMBER = {1},
	PAGES = {73--85},
	YEAR = {1997}
}

@ARTICLE{sloman:motivation,
	AUTHOR = {Aaron Sloman},
	TITLE = {Motives, mechanisms, and emotions},
	JOURNAL = {Cognition \& Emotion},
	VOLUME = {1},
	NUMBER = {3},
	PAGES = {217--233},
	YEAR = {1987}
}

@ARTICLE{cooke:intention-behavior-consistency,
	AUTHOR = {Richard Cooke and Paschal Sheeran},
	TITLE = {Moderation of cognition-intention and cognition-behaviour relations: A meta-analysis of properties of variables from the theory of planned behaviour},
	JOURNAL = {British Journal of Social Psychology},
	VOLUME = {43},
	PAGES = {159--186},
	YEAR = {2004}
}

@ARTICLE{carley:belief-persistence,
	AUTHOR = {Kathleen Carley},
	TITLE = {On the persistence of beliefs. Working paper},
	JOURNAL = {Department of Social and Decision Sciences, Carnegie Mellon University},
	YEAR = {1990}
}

@ARTICLE{russell:core-affect,
    AUTHOR = {James A. Russell},
    TITLE = {Core affect and the psychological construction of emotion},
    JOURNAL = {Psychological Review},
    VOLUME = {110},
	NUMBER = {1},
    PAGES = {145--172},
    YEAR = {2003}
}

@ARTICLE{hamann:mapping-discrete-dimensional,
    AUTHOR = {Stephan Hamann},
    TITLE = {Mapping discrete and dimensional emotions onto the brain: controversies and consensus},
    JOURNAL = {Trends in Cognitive Sciences},
    VOLUME = {16},
	NUMBER = {9},
    PAGES = {458--466},
    YEAR = {2012}
}

@ARTICLE{armony:computational-modeling-emotion,
    AUTHOR = {Armony and Servan-Schreiber and Cohen and Ledoux},
    TITLE = {Computational modeling of emotion: Explorations through the anatomy and physiology of fear conditioning},
    JOURNAL = {Trends in Cognitive Sciences},
    VOLUME = {1},
    PAGES = {28--34},
    YEAR = {1997}
}

@ARTICLE{sloman:beyond-shallow,
	AUTHOR = {Aaron Sloman},
	TITLE = {Beyond shallow models of emotion},
	JOURNAL = {Cognitive Processing: International Quarterly of Cognitive Science},
	VOLUME = {2},
	NUMBER = {1},
	PAGES = {177--198},
	YEAR = {2001}
}

@ARTICLE{faucher:fear-attention,
	AUTHOR = {Luc Faucher and Christine Tappolet},
	TITLE = {Fear and the Focus of Attention},
	JOURNAL = {Consciousness and Emotion},
	VOLUME = {3},
	NUMBER = {2},
	PAGES = {105--144},
	YEAR = {2002}
}

@ARTICLE{fredrickson:positive-emotion-attention,
	AUTHOR = {Barbara L. Fredrickson and Christine Branigan},
	TITLE = {Positive Emotions Broaden the Scope of Attention and Thought‐Action Repertoires},
	JOURNAL = {Cognition and Emotion},
	VOLUME = {19},
	NUMBER = {3},
	PAGES = {313--332},
	YEAR = {2005}
}

@ARTICLE{leventhal:emotion-cognition,
	AUTHOR = {Howard Leventhal and Klaus Scherer},
	TITLE = {The relationship of emotion to cognition},
	JOURNAL = {Cognition and Emotion},
	VOLUME = {1},
	PAGES = {3--28},
	YEAR = {1987}
}

@ARTICLE{miranda:emotions-humans-ai,
    AUTHOR = {Juan Mart$\acute{i}$nez-Miranda and Arantza Aldea},
    TITLE = {Emotions in human and artificial intelligence},
    JOURNAL = {Computers in Human Behavior},
    VOLUME = {21},
    NUMBER = {2},
    PAGES = {323--341},
    YEAR = {2005}
}

@ARTICLE{clore:judgement-regulation,
	AUTHOR = {Gerald L. Clore and Jeffrey R. Huntsinger},
	TITLE = {How emotions inform judgment and regulate thought},
	JOURNAL = {Trends in Cognitive Sciences},
	VOLUME = {11},
	NUMBER = {9},
	PAGES = {393--399},
	YEAR = {2007}
}

@ARTICLE{gross:emotion-generation-regulation,
	AUTHOR = {James J. Gross and Gal Sheppes and Heather L. Urry},
	TITLE = {Emotion Generation and Emotion Regulation: A Distinction We Should Make (Carefully)},
	JOURNAL = {Cognition and Emotion},
	VOLUME = {25},
	NUMBER = {5},
	PAGES = {765--781},
	YEAR = {2011}
}

﻿@ARTICLE{parkinson:emotions-social,
	AUTHOR = {Brian Parkinson},
	TITLE = {Emotions are social},
	JOURNAL = {British Journal of Psychology},
	VOLUME = {87},
	NUMBER = {4},
	PAGES = {663--683},
	YEAR = {1996}
}

@ARTICLE{shott:emotion-social-life,
	AUTHOR = {Susan Shott},
	TITLE = {Emotion and Social Life: A Symbolic Interactionist Analysis},
	JOURNAL = {The American Journal of Sociology},
	VOLUME = {84},
	NUMBER = {6},
	PAGES = {1317--1334},
	YEAR = {1979}
}

@ARTICLE{thoits:socialogy-emotion,
	AUTHOR = {Peggy A. Thoits},
	TITLE = {The Sociology of Emotion},
	JOURNAL = {Anuual Review of Sociology},
	VOLUME = {15},
	PAGES = {317--342},
	YEAR = {1989}
}

@ARTICLE{hooft:sharing-emotions,
	AUTHOR = {Stan van Hooft},
	TITLE = {Scheler on Sharing Emotions},
	JOURNAL = {Philosophy Today},
	VOLUME = {38},
	NUMBER = {1},
	PAGES = {18--28},
	YEAR = {1994}
}

@ARTICLE{kiesler:anthropomorphic,
	AUTHOR = {Sara Kiesler and Aaron Powers and Susan R. Fussell and Cristen Torrey},
	TITLE = {Anthropomorphic Interactions with a Robot and Robot-Like Agent},
	JOURNAL = {Social Cognition},
	VOLUME = {26},
	NUMBER = {2},
	PAGES = {169--181},
	YEAR = {2008}
}

@ARTICLE{zajonc:social-facilitation,
    AUTHOR = {Robert B. Zajonc},
    TITLE = {Social Facilitation},
    JOURNAL = {Science},
    VOLUME = {149},
    NUMBER = {3681},
    PAGES = {269--274},
    YEAR = {1965}
}

@ARTICLE{hess:darwin-emotion,
    AUTHOR = {Ursula Hess and Pascal Thibault},
    TITLE = {Darwin and Emotion Expression},
    JOURNAL = {American Psychologist},
    VOLUME = {64},
    NUMBER = {2},
    PAGES = {120--128},
    YEAR = {2009}
}

@ARTICLE{parkinson:emotion-communication,
	AUTHOR = {Brian Parkinson},
	TITLE = {Do Facial Movements Express Emotions or Communicate Motives?},
	JOURNAL = {Personality and Social Psychology Review},
	VOLUME = {9},
	NUMBER = {4},
	PAGES = {278--311},
	YEAR = {2005}
}

@ARTICLE{ekman:argument-emotions,
    AUTHOR = {Paul Ekman},
    TITLE = {An argument for basic emotions},
    JOURNAL = {Cognition \& Emotion},
    VOLUME = {6},
    NUMBER = {3-4},
    PAGES = {169--200},
    YEAR = {1992}
}

@ARTICLE{ekman:facial-movement,
    AUTHOR = {Paul Ekman and Wallace V. Friesen},
    TITLE = {Measuring Facial Movement},
    JOURNAL = {Environmental psychology and nonverbal behavior },
    VOLUME = {1},
    NUMBER = {1},
    PAGES = {56--75},
    YEAR = {1976}
}

@ARTICLE{hazan:emotion-attachment,
    AUTHOR = {Cindy Hazan and Phillip Shaver},
    TITLE = {Romantic Love Conceptualized As An Attachment Process},
    JOURNAL = {Personality \& Social Psychology},
    VOLUME = {52},
    NUMBER = {3},
    PAGES = {511--524},
    YEAR = {1987}
}

@ARTICLE{lin:computational-models-emotion,
	AUTHOR = {Jerry Lin and Marc Spraragen and Michael Zyda},
	TITLE = {Computational models of emotion and cognition},
	JOURNAL = {Advances in Cognitive Systems},
	VOLUME = {2},
	PAGES = {59--76},
	YEAR = {2012}
}

@ARTICLE{broekens:affect-action-selection,
    AUTHOR = {Joost Broekens and Walter A. Kosters and Fons J. Verbeek},
    TITLE = {On Affect and Self-Adaptation: Potential Benefits of Valence-Controlled Action-Selection},
    JOURNAL = {In: J. Mira and J.R. Álvarez (Eds.), IWINAC 2007, Part I, LNCS},
    PAGES = {357--366},
    YEAR = {2007}
}

@ARTICLE{rumbell:comparative-emotions-functions,
	AUTHOR = {Timothy H. Rumbell and John A. Barnden and Susan L. Denham and Thomas Wennekers},
	TITLE = {Emotions in autonomous agents: comparative analysis of mechanisms and functions},
	JOURNAL = {Autonomous Agents and Multi-Agent Systems},
	VOLUME = {25},
	NUMBER = {1},
	PAGES = {1--45},
	YEAR = {2012}
}

@ARTICLE{botelho:machinery-emotions,
	AUTHOR = {Lu{\'{\i}}s Miguel Botelho and Helder Coelho},
	TITLE = {Machinery for Artificial Emotions},
	JOURNAL = {Cybernetics and Systems},
	VOLUME = {32},
	NUMBER = {5},
	PAGES = {465--506},
	YEAR = {2001}
}

@ARTICLE{bates:emotion-roles,
	AUTHOR = {Joseph Bates},
	TITLE = {The Role of Emotion in Believable Agents},
	JOURNAL = {Commun. ACM},
	VOLUME = {37},
	NUMBER = {7},
	PUBLISHER = {ACM},
	PAGES = {122--125},
	YEAR = {1994}
} 

@ARTICLE{kirby:social-robots,
   AUTHOR = {Rachel Kirby and Jodi Forlizzi and Reid Simmons},
   TITLE = {Affective Social Robots},
   JOURNAL = {Robotics and Autonomous Systems},
   VOLUME = {58},
   PAGES = {322},
   YEAR = {2010}
}

@ARTICLE{hudlicka:affect-HRI,
	AUTHOR = {Eva Hudlicka},
	TITLE = {To feel or not to feel: The role of affect in human-computer interaction},
	JOURNAL = {International Journal of Human-Computer Studies},
	VOLUME = {59},
	NUMBER = {1-2},
	PAGES = {1--32},
	YEAR = {2003}
}

@ARTICLE{morse:robotic-modelling-cognition,
	AUTHOR = {Anthony F. Morse and Carlos Herrera and Robert Clowes and Alberto Montebelli and Tom Ziemke},
	TITLE = {The role of robotic modelling in cognitive science},
	JOURNAL = {New ideas in psychology},
	VOLUME = {29},
	NUMBER = {3},
	PAGES = {312--324},
	YEAR = {2011}
}

@ARTICLE{canamero:emotion-robot-perspective,
    AUTHOR = {Lola Ca\~{n}amero},
    TITLE = {Emotion understanding from the perspective of autonomous robots research},
    JOURNAL = {Neural Networks},
    VOLUME = {18},
    NUMBER = {4},
    PAGES = {445--455},
    YEAR = {2005}
}

@ARTICLE{thorisson:cognitive-architectures-autonomy,
	AUTHOR = {Kristinn R. Th\'{o}risson and Helgi P. Helgason},
	TITLE = {Cognitive Architectures and Autonomy: A Comparative Review},
	JOURNAL = {Journal of Artificial General Intelligence},
	VOLUME = {3},
    NUMBER = {2},
	PAGES = {1--30},
	YEAR = {2012}
}

@ARTICLE{chong:cognitive-architectures-survey,
	AUTHOR = {Hui Qing Chong and Ah Hwee Tan and Gee Wah Ng},
	TITLE = {Integrated Cognitive Architectures: A Survey},
	JOURNAL = {Artificial Intelligence Review},
	VOLUME = {28},
	NUMBER = {2},
	PUBLISHER = {Springer Netherlands},
	PAGES = {103--130},
	YEAR = {2007}
}

@ARTICLE{dautenhahn:social-autonomous-robots,
    AUTHOR = {Kerstin Dautenhahn},
    TITLE = {Getting to Know Each Other - Artificial Social Intelligence for Autonomous Robots},
    JOURNAL = {Robotics and Autonomous Systems},
    VOLUME = {16},
    PAGES = {333--356},
    YEAR = {1995}
}

@ARTICLE{cai:affective-model-psi,
	AUTHOR = {Zhenhua Cai and Ben Goertzel and Changle Zhou and Yongfeng Zhang and Min Jiang and Gino Yu},
	TITLE = {Dynamics of a computational affective model inspired by D$\ddot{o}$rner’s {PSI} theory},
	JOURNAL = {Cognitive Systems Research},
	VOLUME = {17--18},
	PAGES = {63--80},
	YEAR = {2012}
}

@ARTICLE{ray:self-sustaining-architecture,
	AUTHOR = {Anjan Kumar Ray and Gang Leng and T.M. McGinnity and Sonya Coleman and Liam Maguire},
	TITLE = {Development of a Self Sustaining Cognitive Architecture},
	JOURNAL = {Biologically Inspired Cognitive Architectures},
	VOLUME = {6},
	PAGES = {96--108},
	YEAR = {2013}
}

@ARTICLE{samsonovich:emotional-biologically-architecture,
	AUTHOR = {Alexei V. Samsonovich},
	TITLE = {Emotional biologically inspired cognitive architecture},
	JOURNAL = {Biologically Inspired Cognitive Architectures},
	VOLUME = {6},
	PAGES = {109--125},
	YEAR = {2013}
}

@ARTICLE{dancy:actR-physiology-affect,
	AUTHOR = {Christopher L. Dancy},
	TITLE = {{ACT-R}$\Phi$: A cognitive architecture with physiology and affect},
	JOURNAL = {Biologically Inspired Cognitive Architectures},
	VOLUME = {6},
	PAGES = {40--45},
	YEAR = {2013}
}

@ARTICLE{asada:cognitive-robotics-humanoid,
    AUTHOR = {Minoru Asada and Karl F. Macdorman and Hiroshi Ishiguro and Yasuo Kuniyoshi},
    TITLE = {Cognitive developmental robotics as a new paradigm for the design of humanoid robots},
    JOURNAL = {Robotics and Autonomous Systems},
    VOLUME = {37},
    PAGES = {185--193},
    YEAR = {2001}
}

@ARTICLE{kelley:cognitive-robotics-psychology,
	AUTHOR = {Troy D. Kelley and Daniel N. Cassenti},
	TITLE = {Theoretical explorations of cognitive robotics using developmental psychology},
	JOURNAL = {New Ideas in Psychology},
	VOLUME = {29},
	NUMBER = {3},
	PAGES = {228--234},
	YEAR = {2011}
}

@ARTICLE{mirolli:vygotskyan-cognitive-robotics,
    AUTHOR = {Marco Mirolli and Domenico Parisi},
    TITLE = {Towards a Vygotskyan cognitive robotics: The role of language as a cognitive tool},
    JOURNAL = {New Ideas in Psychology},
    VOLUME = {29},
    NUMBER = {3},
    PAGES = {298--311},
    YEAR = {2011}
}

@ARTICLE{d'mello:computational-functional-modeling,
	AUTHOR = {Sidney D'Mello and Stan Franklin},
	TITLE = {Computational modeling/cognitive robotics complements functional modeling/experimental psychology},
	JOURNAL = {New Ideas in Psychology},
	VOLUME = {29},
	NUMBER = {3},
	PAGES = {217--227},
	YEAR = {2011}
}

@ARTICLE{dominey:shared-intention-cognition,
    AUTHOR = {Peter Ford Dominey and Felix Warneken},
    TITLE = {The basis of shared intentions in human and robot cognition},
    JOURNAL = {New Ideas in Psychology},
    VOLUME = {29},
    NUMBER = {3},
    PAGES = {260--274},
    YEAR = {2011}
}

@ARTICLE{baxter:cognitive-architecture-hri,
	AUTHOR = {Paul Baxter and Joachim de Greeff and Tony Belpaeme},
	TITLE = {{C}ognitive {A}rchitecture for {H}uman-{R}obot {I}nteraction: {T}owards {B}ehavioural {A}lignment},
	JOURNAL = {Journal of Biologically Inspired Cognitive Architectures},
	VOLUME = {6},
	PAGES = {30--39},
	YEAR = {2013}
}

@ARTICLE{zhang:service-robot-dimensional,
	AUTHOR = {Tao Zhang and David B. Kaber and Biwen Zhu and Manida Swangnetr and Prithima Mosaly and Lashanda Hodge},
	TITLE = {Service robot feature design effects on user perceptions and emotional responses},
	JOURNAL = {Intelligent Service Robotics},
	VOLUME = {3},
	NUMBER = {2},
	PUBLISHER = {Springer-Verlag},
	PAGES = {73--88},
	YEAR = {2010}
}

@ARTICLE{kim:model-hri-appraisal,
	AUTHOR = {Hyoung-Rock Kim and Dong-Soo Kwon},
	TITLE = {Computational Model of Emotion Generation for Human-Robot Interaction Based on the Cognitive Appraisal Theory},
	JOURNAL = {Journal of Intelligent and Robotic Systems},
	VOLUME = {60},
	NUMBER = {2},
	PUBLISHER = {Kluwer Academic Publishers},
	PAGES = {263--283},
	YEAR = {2010}
}

@ARTICLE{hareli:emotional-reaction-perception,
    AUTHOR = {Shlomo Hareli and Ursula Hess},
    TITLE = {What emotional reactions can tell us about the nature of others: An appraisal perspective on person perception},
    JOURNAL = {Cognition \& Emotion},
    VOLUME = {24},
    NUMBER = {1},
    PUBLISHER = {Routledge},
    PAGES = {128--140},
    YEAR = {2009}
}

@ARTICLE{sander:systems-approach-appraisal,
    AUTHOR = {David Sander and Didier Grandjean and Klaus R. Scherer},
    TITLE = {A Systems Approach to Appraisal Mechanisms in Emotion},
    JOURNAL = {Neural Networks},
    VOLUME = {18},
    NUMBER = {4},
    PUBLISHER = {Elsevier Science Ltd.},
    PAGES = {317--352},
    YEAR = {2005}
}

@ARTICLE{scherer:sequential-appraisal-process,
    AUTHOR = {Klaus R. Scherer},
    TITLE = {On the Sequential Nature of Appraisal Processes: Indirect Evidence from a Recognition Task},
    JOURNAL = {Cognition \& Emotion},
    VOLUME = {13},
    NUMBER = {6},
    PAGES = {763--793},
    YEAR = {1999}
}

@ARTICLE{scherer:what-emotions,
    AUTHOR = {Klaus R. Scherer},
    TITLE = {What are emotions? And how can they be measured?},
    JOURNAL = {Social Science Information},
    VOLUME = {44},
    PAGES = {695--729},
    YEAR = {2005}
}

@ARTICLE{folkman:coping-pitfalls-promise,
    AUTHOR = {Susan Folkman and Judith T. Moskowitz},
    TITLE = {Coping: Pitfalls and promise},
    JOURNAL = {Annual Review of Psychology},
    VOLUME = {55},
    PAGES = {745--774},
    YEAR = {2004}
}

@ARTICLE{paulus:emotion-decision-belief,
	AUTHOR = {Martin P. Paulus and Angela J. Yu},
    TITLE = {Emotion and decision-making: affect-driven belief systems in anxiety and depression},
    JOURNAL = {Trends in cognitive sciences},
    VOLUME = {16},
    NUMBER = {9},
    PUBLISHER = {Elsevier Science},
    PAGES = {476--483},
    YEAR = {2012}
}

@ARTICLE{pomerol:ai-decision-making,
    AUTHOR = {Jean-charles Pomerol},
    TITLE = {Artificial Intelligence And Human Decision Making},
    JOURNAL = {European Journal of Operational Research},
    VOLUME = {99},
    PAGES = {3--25},
    YEAR = {1997}
}

@ARTICLE{parrott:appraisal-social-emotions,
    AUTHOR = {W. Gerrod Parrott},
    TITLE = {Appraisal, emotion words, and the social nature of self-conscious emotions},
    JOURNAL = {Psychological Inquiry},
    VOLUME = {15},
    NUMBER = {2},
    PAGES = {136--138},
    YEAR = {2004}
}

@ARTICLE{worden:primate-social-intelligence,
	AUTHOR = {Robert P. Worden},
	TITLE = {Primate Social Intelligence},
	JOURNAL = {Cognitive Science},
	VOLUME = {20},
	NUMBER = {4},
	PAGES = {579--616},
	YEAR = {1996}
}

@ARTICLE{wexler:emotional-intelligence-appraisal,
	AUTHOR = {Mark N. Wexler},
	TITLE = {Emotional intelligence: a review and appraisal},
	JOURNAL = {The Journal of Public Management},
	VOLUME = {30},
	NUMBER = {2},
	PAGES = {1--8},
	YEAR = {2000}
}

@ARTICLE{beheshtifar:social-intelligence-leadership,
	AUTHOR = {Malikeh Beheshtifar and Fateme Roasaei},
	TITLE = {Emotional intelligence: a review and appraisal},
	JOURNAL = {The Journal of Public Management},
	VOLUME = {28},
	NUMBER = {2},
	PAGES = {197--203},
	YEAR = {2012}
}

@ARTICLE{bradberry:ability-skill-intelligence,
    AUTHOR = {Travis R. Bradberry and Lac D. Su},
    TITLE = {Ability-versus skill-based assessment of emotional intelligence},
    JOURNAL = {Psicothema},
    VOLUME = {18},
    NUMBER = {Suppl},
    PAGES = {59--66},
    YEAR = {2006}
}

@ARTICLE{keating:search-social-intelligence,
    AUTHOR = {Daniel P. Keating},
    TITLE = {A search for social intelligence},
    JOURNAL = {Journal of Educational psychology},
    VOLUME = {70},
    PAGES = {218--223},
    YEAR = {1978}
}

@ARTICLE{si:modeling-appraisal-tom,
	AUTHOR = {Mei Si and Stacy C. Marsella and David V. Pynadath},
	TITLE = {Modeling appraisal in theory of mind reasoning},
	JOURNAL = {Journal of Autonomous Agents and Multi-Agent Systems},
	VOLUME = {20},
	NUMBER = {1},
	PAGES = {14--31},
	YEAR = {2010}
}

@ARTICLE{fussell:knowledge-coordination-communication,
	AUTHOR = {Susan R. Fussell and Robert M. Krauss},
	TITLE = {Coordination of knowledge in communication: Effects of speakers' assumptions about what others know},
	JOURNAL = {Journal of personality and social psychology},
	VOLUME = {62},
	NUMBER = {1},
	PAGES = {378--391},
	YEAR = {1992}
}

@ARTICLE{eligio:emotion-understanding-collaboration,
	AUTHOR = {Ulises Xolocotzin Eligio and Shaaron E. Ainsworth and Charles K. Crook},
	TITLE = {Emotion Understanding and Performance During Computer-supported Collaboration},
	JOURNAL = {Computers in Human Behavavior},
	VOLUME = {28},
	NUMBER = {6},
	PUBLISHER = {Elsevier Science Publishers B. V.},
	PAGES = {2046--2054},
	YEAR = {2012},
} 

@ARTICLE{si:modeling-appraisal-tom-journal,
	AUTHOR = {Mei Si and Stacy C. Marsella and David V. Pynadath},
	TITLE = {Modeling appraisal in theory of mind reasoning},
	JOURNAL = {Autonomous Agents and Multi-Agent Systems},
	VOLUME = {20},
	NUMBER = {1},
	PAGES = {14--31},
	YEAR = {2010}
}

@ARTICLE{scassellati:tom-humanoid-robot,
	AUTHOR = {Brian Scassellati},
	TITLE = {Theory of Mind for a Humanoid Robot},
	JOURNAL = {Autonomous Robots},
	VOLUME = {12},
	NUMBER = {1},
	PUBLISHER = {Kluwer Academic Publishers},
	PAGES = {13--24},
	YEAR = {2002}
} 

@ARTICLE{ryan:intrinsic-extrinsic-motivations,
    AUTHOR = {Richard M. Ryan and Edward L. Deci},
    TITLE = {Intrinsic and extrinsic motivations: Classic definitions and new directions},
    JOURNAL = {Contemporary Educational Psychology},
    VOLUME = {25},
	NUMBER = {1},
    PAGES = {54--67},
    YEAR = {2000}
}

@ARTICLE{simon:motivation-emotion-cognition,
    AUTHOR = {Herbert A. Simon},
    TITLE = {Motivational and emotional controls of cognition},
    JOURNAL = {Psychology Review},
    VOLUME = {74},
    NUMBER = {1},
    PAGES = {29--39},
    YEAR = {1967}
}

@ARTICLE{grant:model-intention-formation,
	AUTHOR = {John Grant and Sarit Kraus and Donald Perlis},
	TITLE = {A Logic-based Model of Intention Formation and Action for Multi-agent Subcontracting},
	JOURNAL = {Artificial Intelligence},
	VOLUME = {163},
	NUMBER = {2},
	PAGES = {163--201},
	PUBLISHER = {Elsevier Science Publishers Ltd.},
	ADDRESS = {Essex, UK},
	YEAR = {2005}
} 

@ARTICLE{berridge:motivation-concepts-neuroscience,
	AUTHOR = {Kent C. Berridge},
	TITLE = {Motivation concepts in behavioral neuroscience},
	JOURNAL = {Physiology \& Behavior},
	VOLUME = {81},
	NUMBER = {2},
	PAGES = {179--209},
	YEAR = {2004}
}

@ARTICLE{sellers:comprehensive-emotion-theory,
	AUTHOR = {Michael Sellers},
	TITLE = {Toward a comprehensive theory of emotion for biological and artificial agents},
	JOURNAL = {Biologically Inspired Cognitive Architectures},
	VOLUME = {4},
	PAGES = {3--26},
	YEAR = {2013}
}

@ARTICLE{zurbriggen:linking-motives-emotions,
	AUTHOR = {Eileen L. Zurbriggen and Ted S. Sturman},
	TITLE = {Linking Motives and Emotions: A Test of McClelland's Hypotheses},
	JOURNAL = {Personality and Social Psychology},
	VOLUME = {28},
	NUMBER = {4},
	PAGES = {521--535},
	YEAR = {2002}
}

@ARTICLE{elnasr:flame,
	AUTHOR = {Magy Seif El-Nasr and John Yen and Thomas R. Ioerger},
	TITLE = {FLAME: Fuzzy Logic Adaptive Model of Emotions},
	JOURNAL = {Autonomous Agents and Multi-Agent Systems},
	VOLUME = {3},
	NUMBER = {3},
	PUBLISHER = {Kluwer Academic Publishers},
	PAGES = {219--257},
	YEAR = {2000}
}

@ARTICLE{merrick:acheievement-affiliation-power,
    AUTHOR = {Kathryn E. Merrick and Kamran Shafi},
    TITLE = {Achievement, affiliation, and power: {Motive} profiles for artificial agents},
    JOURNAL = {Adaptive Behavior},
    VOLUME = {19},
    NUMBER = {1},
    PUBLISHER = {Sage Publications, Inc.},
    PAGES = {40--62},
    YEAR = {2011}
}

@ARTICLE{bach:micropsi-agent-architecture,
    AUTHOR = {Joscha Bach},
    TITLE = {{The MicroPsi Agent Architecture}},
    JOURNAL = {In Proceeding of ICCM-5},
    PAGES = {15--20},
    YEAR = {2003}
}

@ARTICLE{paiva:learning-feeling,
	AUTHOR = {Ana Paiva and Joao Diasa and Daniel Sobrala and Ruth Aylettb and Sarah Woodsc and Lynne Halld and Carsten Zoll},
   	TITLE = {Learning by Fealing: Evoking Empathy with Synthetic Characters},
	JOURNAL = {Applied Artificial Intelligence},
	VOLUME = {19},
	PAGES = {235-266},
	YEAR = {2005}
}

@ARTICLE{johnson:emotions-rationality-theory,
    AUTHOR = {P. N. Johnson-laird and Keith Oatley},
    TITLE = {Basic emotions, rationality, and folk theory},
    JOURNAL = {Cognition \& Emotion},
    VOLUME = {6},
    NUMBER = {3},
    PUBLISHER = {Psychology Press},
    PAGES = {201--223},
    YEAR = {1992}
}

@ARTICLE{green:collaboration-literature-review,
    AUTHOR = {Scott A. Green and Mark Billinghurst and XiaoQi Chen and J. Geoffrey Chase},
    TITLE = {Human-robot collaboration: {A} literature review and augmented reality approach in design},
    JOURNAL = {International Journal of Advanced Robotic Systems},
    VOLUME = {5},
    NUMBER = {1},
    PAGES = {1--18},
    YEAR = {2008}
}

@ARTICLE{clancey:agent-assistants-collaboration,
    AUTHOR = {William J. Clancey},
    TITLE = {Roles for Agent Assistants in Field Science: Understanding Personal Projects and Collaboration},
    JOURNAL = {IEEE Transactions on Systems, Man and Cybernetics, special issue on Human-Robot Interaction},
    VOLUME = {34},
    NUMBER = {2},
    PAGES = {125--137},
    YEAR = {2004}
}

@ARTICLE{sofge:collaboration-humanoid-space,
	AUTHOR = {Donald Sofge and Magdalena D. Bugajska and J. Gregory Trafton and Dennis Perzanowski and Scott Thomas and Marjorie Skubic and Samuel Blisard and Nicholas Cassimatis and Derek P. Brock and William Adams and Alan C. Schultz},
	TITLE = {Collaborating with Humanoid Robots in Space},
	JOURNAL = {International Journal of Humanoid Robotics},
	VOLUME = {2},
	NUMBER = {2},
	PAGES = {181-201},
	YEAR = {2005}
}

@ARTICLE{grosz:intention-dynamics-collaboration,
    AUTHOR = {Barbara J. Grosz and Luke Hunsberger},
    TITLE = {The dynamics of intention in collaborative activity},
    JOURNAL = {Cognitive Systems Research},
    VOLUME = {7},
    NUMBER = {2-3},
    PAGES = {259--272},
    YEAR = {2007}
}

@ARTICLE{lochbaum:collaborative-planning,
	AUTHOR = {Karen E Lochbaum},
	TITLE = {A collaborative planning model of intentional structure},
	JOURNAL = {Computational Linguistics},
	VOLUME = {24},
	NUMBER = {4},
	PUBLISHER = {MIT Press},
	PAGES = {525--572},
	YEAR = {1998}
}

@ARTICLE{pynadath:teamwork-heterogeneous-agents,
	AUTHOR = {David V. Pynadath and Milind Tambe},
	TITLE = {An automated teamwork infrastructure for heterogeneous software agents and humans},
	JOURNAL = {Journal of Autonomous Agents and Multi-Agent Systems, Special Issue on Infrastructure and Requirements for Building Research Grade Multi-Agent Systems,},
	VOLUME = {7},
	NUMBER = {1-2},
	PAGES = {71--100},
	YEAR = {2003}
}

@ARTICLE{erman:hearsay-blackboard,
	AUTHOR = {Lee D. Erman and Frederick Hayes-Roth and Victor R. Lesser and D. Raj Reddy},
	TITLE = {The {Hearsay-II} Speech-Understanding System: Integrating Knowledge to Resolve Uncertainty},
	JOURNAL = {ACM Computing Surveys},
	VOLUME = {12},
	NUMBER = {2},
	PAGES = {213--253},
	YEAR = {1980}
}

@ARTICLE{durfee:planning-blackboard,
	AUTHOR = {Edmund Durfee and Victor Lesser},
  	TITLE = {Incremental Planning to Control a Blackboard-based Problem Solver},
  	JOURNAL = {Proceedings of the Fifth National Conference on Artificial Intelligence},
  	VOLUME = {1},
  	PUBLISHER = {Morgan Kaufmann},
  	PAGES = {58--64},
  	MONTH = {August},
  	YEAR = {1986}
}

@ARTICLE{lesser:vehicle-monitoring-blackboard,
	AUTHOR = {V. R. Lesser and D.D Corkill},
	TITLE = {The Distributed Vehicle Monitoring Testbed: A Tool for Investigating Distributed Problem Solving Networks},
	JOURNAL = {AI Magazine},
	VOLUME = {4},
	NUMBER = {3},
	PAGES = {15--33},
	YEAR = {1983}
}

@ARTICLE{maksym:signals-blackboard,
	AUTHOR = {Joseph N. Maksym and Anthony J. Bonner and C. Ann Dent and Gavin L. Hemphill},
	TITLE = {Machine analysis of acoustical signals},
	JOURNAL = {Pattern Recognition},
	VOLUME = {16},
	NUMBER = {6},
	PAGES = {615--625},
	YEAR = {1983}
}

@ARTICLE{staller:emotion-social-norm,
	AUTHOR = {Alexander Staller and Paolo Petta},
	TITLE = {Introducing Emotions into the Computational Study of Social Norms: A First Evaluation},
	JOURNAL = {Journal of Artificial Societies and Social Simulation},
	VOLUME = {4},
	PAGES = {615--625},
	YEAR = {2001}
}

@ARTICLE{hayes:animate-characters,
	AUTHOR = {Barbara Hayes-Roth},
	TITLE = {Animate Characters},
	JOURNAL = {Autonomous Agents and Multi-Agent Systems},
	VOLUME = {1},
	PAGES = {195--230},
	YEAR = {1998}
}

@INPROCEEDINGS{delage:dbn-image-reconstruction,
	AUTHOR = {Erick Delage and Honglak Lee and Andrew Y. Ng},
	TITLE = {A Dynamic Bayesian Network Model for Autonomous 3D Reconstruction from a Single Indoor Image},
	BOOKTITLE = {IEEE Computer Society Conference on Computer Vision and Pattern Recognition},
	PAGES = {2418--2428},
	YEAR = {2006}
}

@INPROCEEDINGS{saha:bayes-negotiation,
	AUTHOR = {Sabyasachi Saha and Sandip Sen},
	TITLE = {A Bayes Net Approach to Argumentation Based Negotiation},
	BOOKTITLE = {First International Workshop on Argumentation in Multi-Agent Systems},
	PAGES = {208--222},
	YEAR = {2004}
}

@INPROCEEDINGS{montesano:affordances-bn,
	AUTHOR = {Luis Montesano and Manuel Lopes and Alexandre Bernardino and Jose Santos-Victor},
	TITLE = {Modeling Affordances using Bayesian networks},
	BOOKTITLE = {IEEE/RSJ International Conference on Intelligent Robots and Systems},
	PAGES = {4102--4107},
	YEAR = {2007}
}

@INPROCEEDINGS{vladareanu:robot-naviation-bayesian,
	AUTHOR = {Luige Vladareanu and Gabriela Tont and Victor Vladareanu and Florentin Smarandache and Lucian Capitanu},
	TITLE = {The Navigation Mobile Robot Systems Using Bayesian Approach through the Virtual Projection Method},
	BOOKTITLE = {Advanced Mechatronic Systems (ICAMechS)},
	PAGES = {498--503},
	YEAR = {2012}
}

@INPROCEEDINGS{grimes:imitation-robot-bayesian,
	AUTHOR = {David B. Grimes and Rawichote Chalodhorn and Rajesh P. N. Rao},
	TITLE = {Dynamic imitation in a humanoid robot through nonparametric probabilistic inference},
	BOOKTITLE = {Proceedings of Robotics: Science and Systems (RSS’06)},
	YEAR = {2006}
}

@INPROCEEDINGS{nirenburg:langauge-blackboard,
	AUTHOR = {S. Nirenburg and V. Lesser and E. H. Nyberg},
	TITLE = {Controlling a Language Generation Planner},
	BOOKTITLE = {IJCAI-89},
	PAGES = {1524--1530},
	YEAR = {1989}
}

@INPROCEEDINGS{orozco:multisensor-bn,
	AUTHOR = {Jos{\'e} Antonio L{\'o}pez Orozco and Jes{\'u}s Manuel de la Cruz Garc{\'i}a and J. Sanz and J. Flores},
	TITLE = {Multisensor fusion of environment measures using Bayesian Networks},
	BOOKTITLE = {Fusion'98: Proceedings of the International Conference on Multisource-Multisensor Information Fusion},
	PUBLISHER = {CSREA Press},
	YEAR = {1998}
}

@INPROCEEDINGS{martin:reasoning-action-bbn,
	AUTHOR = {Yves Martin and Michael Thielscher},
	TITLE = {Integrating Reasoning about Actions and Bayesian Networks},
	BOOKTITLE = {ICAART},
	YEAR = {2010}
}

@INPROCEEDINGS{bourgault:operator-multiple-robot,
	AUTHOR = {Frederic Bourgault and Nisar Ahmed and Danelle Shah and Mark Campbell},
	TITLE = {Probabilistic Operator-Multiple Robot Modeling Using Bayesian Network Representation},
	BOOKTITLE = {AIAA Guidance, Navigation and Control Conference},
	YEAR = {2007}
}

@INPROCEEDINGS{bloemeke:agent-encapsulated-bn,
	AUTHOR = {Mark Bloemeke and Scott Langevin},
	TITLE = {Agent-encapsulated Bayesian Networks and the Rumor Problem},
	BOOKTITLE = {Proceedings of the Ninth International Conference on Autonomous Agents and Multiagent Systems (AAMAS-10)},
	YEAR = {2010}
}

@INPROCEEDINGS{arinbjarnar:bn-agent-drama,
	AUTHOR = {Maria Arinbjarnar and Daniel Kudenko},
	TITLE = {Bayesian Networks: Real-Time Applicable Decision Mechanisms for Intelligent Agents in Interactive Drama},
	BOOKTITLE = {IEEE Symposium on Computational Intelligence and Games (CIG)},
	YEAR = {2010}
}

@INPROCEEDINGS{santos:cognitive-knowledge-representation,
	AUTHOR = {Eugene Santos Jr.},
	TITLE = {A Cognitive Architecture for Adversary Intent Inferencing: Structure of Knowledge and Computation},
	BOOKTITLE = {Proceedings of the SPIE 17th Annual International Symposium on Aerospace/Defense Sensing and Controls (AeroSense)},
	YEAR = {2003}
}

@INPROCEEDINGS{song:bn-service-robot,
	AUTHOR = {Youn-Suk Song and Sung-Bae Cho},
	TITLE = {Automated Bayesian network Integration based on Ontology for Reasoning Object Existence of Service Robot},
	BOOKTITLE = {Proceedings of the 17th World Congress. The International Federation of Automatic Control},
	YEAR = {2008}
}

@INPROCEEDINGS{marinier:emotion-reinforcement,
	AUTHOR = {Robert P/ Marinier III and John E. Laird},
	TITLE = {Emotion-Driven Reinforcement Learning},
	BOOKTITLE = {CogSci 2008},
	YEAR = {2008}
}

@INPROCEEDINGS{hayes:planning-blackboard,
	AUTHOR = {Barbara Hayes-Roth and Frederick Hayes-Roth and Stan Rosenschein and Stephanie Cammarata},
	TITLE = {Modeling Planning As an Incremental, Opportunistic Process},
	BOOKTITLE = {Proceedings of the 6th International Joint Conference on Artificial Intelligence - Volume 1},
	PAGES = {375--383},
	PUBLISHER = {Morgan Kaufmann Publishers Inc.},
	YEAR = {1979}
} 

@INPROCEEDINGS{gratch:assessing-appraisal,
	AUTHOR = {Jonathan Gratch and Stacy Marsella and Ning Wang and Brooke Stankovic},
	TITLE = {Assessing the validity of appraisal-based models of emotion},
	BOOKTITLE = {International Conference on Affective Computing and Intelligent Interaction},
	PUBLISHER = {IEEE},
	YEAR = {2009}
} 

@INPROCEEDINGS{marsella:assessing-coping,
	AUTHOR = {Stacy Marsella and Jonathan Gratch and Ning Wang and Brooke Stankovic},
	TITLE = {Assessing the validity of a computational model of emotional coping},
	BOOKTITLE = {International Conference on Affective Computing and Intelligent Interaction},
	PUBLISHER = {IEEE},
	YEAR = {2009}
} 

@INPROCEEDINGS{burghart:cognitive-architecture-robot,
    AUTHOR = {Catherina Burghart and Ralf Mikut and Rainer Stiefelhagen and Tamim Asfour and Hartwig Holzapfel and Peter Steinhaus and Ruediger Dillmann},
    TITLE = {A cognitive architecture for a humanoid robot: {A} first approach},
    BOOKTITLE = {5th IEEE-RAS International Conference on Humanoid Robots},
    PAGES = {357--362},
    YEAR = {2005}
}

@INPROCEEDINGS{urban:pecs,
	AUTHOR = {Christoph Urban},
	TITLE = {PECS: A Reference Model for Human-Like Agents},
	BOOKTITLE = {Deformable Avatars},
	PUBLISHER = {Netherlands: Kluwer Academic Publishers},
	YEAR = {2001}
} 

@INPROCEEDINGS{kaplan:collaboration-cognition,
	AUTHOR = {Rachel Kaplan},
	TITLE = {Collaboration from a cognitive perspective: {S}haring models across expertise},
	BOOKTITLE = {Environmental Design Research Association},
	PAGES = {45--51},
	YEAR = {1990}
}

@INPROCEEDINGS{miranda:teamwork-multiagent-system,
	AUTHOR = {Juan Mart$\acute{i}$nez-Miranda and Arantza Aldea and Ren$\acute{e}$ Ba$\tilde{n}$ares-Alc$\acute{a}$ntara},
	TITLE = {Simulation of work teams using a multi-agent system},
	BOOKTITLE = {The Second International Joint Conference on Autonomous Agents {\&} Multiagent Systems {AAMAS}, July 14-18, Melbourne, Victoria, Australia},
	PAGES = {1064--1065},
	YEAR = {2003}
}

@INPROCEEDINGS{kabil:coordination-mechanisms,
	AUTHOR = {Alexandre Kabil and Camille De Keukelaere and Pierre Chavaillier},
	TITLE = {Coordination Mechanisms in Human-Robot Collaboration},
	BOOKTITLE = {Proceeding of the 7th International Conference on Advances in Computer-Human Interactions},
	PAGES = {389--394},
	YEAR = {2014}
}

@INPROCEEDINGS{mutlu:coordination-robot,
	AUTHOR = {Bilge Mutlu and Alison Terrell and Chien-Ming Huang},
	TITLE = {Coordination Mechanisms in Human-Robot Collaboration},
	BOOKTITLE = {Proceedings of the HRI 2013 Workshop on Collaborative Manipulation},
	YEAR = {2013}
}

@INPROCEEDINGS{esau:integrating-emotion-collaboration,
	AUTHOR = {Natascha Esau and Lisa Kleinjohann and Bernd Kleinjohann},
	TITLE = {Integrating Emotional Competence into Man-Machine Collaboration},
	BOOKTITLE = {Biologically-Inspired Collaborative Computing, September 8-9, Milano, Italy},
	PAGES = {187--198},
	YEAR = {2008}
}

@INPROCEEDINGS{garcia:collaboration-emotional-awareness,
    AUTHOR = {Octavio Garc$\acute{i}$a and Jess$\acute{u}$s Favela and Guillermo Licea and Roberto Machorro},
    TITLE = {Extending a Collaborative Architecture to Support Emotional Awareness},
    BOOKTITLE = {Emotion Based Agent Architectures (ebaa’99},
    PAGES = {46--52},
    YEAR = {1999}
}

@INPROCEEDINGS{babaian:writers-assistant,
	AUTHOR = {Tamara Babaian and Barbara J. Grosz and Stuart M. Shieber},
	TITLE = {A Writer's Collaborative Assistant},
	BOOKTITLE = {Proceedings of the International Conference on Intelligent User Interfaces (IUI2000)},
	PAGES = {7--14},
 	PUBLISHER = {ACM Press},
	YEAR = {2002}
} 

@INPROCEEDINGS{montreuil:planning-robot-activity,
	AUTHOR = {Vincent Montreuil and Aur{\'{e}}lie Clodic and Maxime Ransan and Rachid Alami},
	TITLE = {Planning human centered robot activities},
	BOOKTITLE = {Proceedings of the {IEEE} International Conference on Systems, Man and Cybernetics},
	PAGES = {2618--2623},
	YEAR = {2007}
} 

@INPROCEEDINGS{winegarden:narrative-system,
	AUTHOR = {Joe Winegarden and R. Michael Young},
	TITLE = {Distributed Interactive Narrative Planning System},
	BOOKTITLE = {AAAI Spring Symposium: Distributed Plan and Schedule Management},
	PAGES = {143--150},
	YEAR = {2006}
}

@INPROCEEDINGS{deSevin:motivational-model-agent,
	AUTHOR = {Etienne de Sevin and Daniel Thalmann},
	TITLE = {A Motivational Model of Action Selection for Virtual Humans},
	BOOKTITLE = {Proceedings of the Computer Graphics International 2005},
	SERIES = {CGI '05},
	PAGES = {213--220},
 	PUBLISHER = {IEEE Computer Society},
	ADDRESS = {Washington, DC, USA},
	YEAR = {2005}
} 

@INPROCEEDINGS{zhou:mobile-robot-localization,
	AUTHOR = {Hongjun Zhou and Shigeyuki Sakane},
	TITLE = {Sensor planning for mobile robot localization using Bayesian network representation and inference},
	BOOKTITLE = {IEEE/RSJ International Conference on Intelligent Robots and Systems},
	PAGES = {440--446},
	YEAR = {2002}
}

@INPROCEEDINGS{baker:bayesian-tom,
	AUTHOR = {Chris L. Baker and Rebecca R. Saxe and Joshua B. Tenenbaum},
	TITLE = {Bayesian theory of mind: Modeling joint belief-desire attribution},
	BOOKTITLE = {Proceedings of the 33th Annual Conference of the Cognitive Science Society},
	PAGES = {2469--2474},
	YEAR = {2011}
}

@INPROCEEDINGS{jennings:joint-responsibility-dynamic,
	AUTHOR = {Nicholas R. Jennings and E. H. Mamdani},
	TITLE = {Using Joint Responsibility to Coordinate Collaborative Problem Solving in Dynamic Environments},
	BOOKTITLE = {10th National Conference on Artificial Intelligence (AAAI-92)},
	PAGES = {269--275},
	YEAR = {1992}
}

@INPROCEEDINGS{bach:next-generation-micropsi,
	AUTHOR = {Joscha Bach},
	TITLE = {MicroPsi 2: The Next Generation of the Micropsi Framework},
	BOOKTITLE = {Proceedings of the 5th International Conference on Artificial General Intelligence},
	SERIES = {AGI'12},
	PAGES = {11--20},
	PUBLISHER = {Springer-Verlag},
	YEAR = {2012}
}

@INPROCEEDINGS{breazeal:motivation-regulating-hri,
	AUTHOR = {Cynthia Breazeal},
	TITLE  = {A Motivational System for Regulating Human-Robot Interaction},
	BOOKTITLE = {Proceedings of the Fifteenth National Conference on Artificial Intelligence and Tenth Innovative Applications of Artificial Intelligence Conference, {AAAI} 98, {IAAI} 98, July 26-30, 1998, Madison, Wisconsin, {USA.}},
	PAGES = {54--61},
	YEAR = {1998}
}

@INPROCEEDINGS{iwahashi:belief-system-hri,
    AUTHOR = {Naoto Iwahashi},
    TITLE = {A method for the coupling of belief systems through human-robot language interaction},
    BOOKTITLE = {The 12th IEEE International Workshop on Robot and Human Interactive Communication},
    PAGES = {385--390},
    YEAR = {2003}
}

@INPROCEEDINGS{velasquez:emotions-motivations-agents,
    AUTHOR = {Juan D. Vel$\grave{a}$squez},
    TITLE = {Modeling Emotions and Other Motivations in Synthetic Agents},
    BOOKTITLE = {Proceedings of the 14th Nnational Conference on Artificial Intelligence AAAI-97},
    PAGES = {10--15},
    YEAR = {1997}
}

@INPROCEEDINGS{kinny:planned-team,
	AUTHOR = {David Kinny and Magnus Ljungberg and Anand Rao and Gil Tidhar and Eric Werner and Elizabeth Sonenberg},
	TITLE = {Planned Team Activity},
	BOOKTITLE = {Lecture notes in artificial intelligence},
	PUBLISHER = {Springer-Verlag},
	YEAR = {1992}
}

@INPROCEEDINGS{hiatt:cognitive-model-tom,
	AUTHOR = {Laura M. Hiatt and J. Gregory Trafton},
	TITLE = {A Cognitive Model of Theory of Mind},
	BOOKTITLE = {In Proceedings of the International Conference on Cognitive Modeling},
	PAGES = {91--96},
	YEAR = {2010}
}

@INPROCEEDINGS{gmytrasiewicz:emotion-agent-decision,
	AUTHOR = {Piotr J. Gmytrasiewicz and Christine L. Lisetti},
	TITLE = {Emotions and Personality in Agent Design and Modeling},
	BOOKTITLE = {ATAL},
	PUBLISHER = {Springer},
	EDITOR = {John-Jules Ch. Meyer and Milind Tambe},
	VOLUME = {2333},
	SERIES = {Lecture Notes in Computer Science},
	PAGES = {21--31},
	YEAR = {2001}
}

@INPROCEEDINGS{adam:bdi-emotional-companion,
	AUTHOR = {Carole Adam and Emiliano Lorini},
	TITLE = {A {BDI} Emotional Reasoning Engine for an Artificial Companion},
	BOOKTITLE = {Workshop on Agents and multi-agent Systems for AAL and e-HEALTH (PAAMS)},
	PUBLISHER = {Springer},
	VOLUME = {430},
	PAGES = {66--78},
	YEAR = {2014}
}

@INPROCEEDINGS{hudlicka:modeling-emotion,
	AUTHOR = {Eva Hudlicka},
	TITLE = {What Are We Modeling When We Model Emotion?},
	BOOKTITLE = {AAAI Spring Symposium: Emotion, Personality, and Social Behavior},
	PUBLISHER = {AAAI},
	PAGES = {52--59},
	YEAR = {2008}
}

@INPROCEEDINGS{scheutz:emotional-states-behavior,
    AUTHOR = {Matthias Scheutz and Aaron Sloman and Brian Logan},
    TITLE = {Emotional States and Realistic Agent Behaviour},
    BOOKTITLE = {SOCIETY FOR COMPUTER SIMULATION},
    PAGES = {81--88},
    YEAR = {2000}
}

@INPROCEEDINGS{sloman:robots-emotion,
    AUTHOR = {Aaron Sloman and Monica Croucher},
    TITLE = {Why Robots Will Have Emotions},
    BOOKTITLE = {In Proceeding 7th International Joint Conference on AI},
    PAGES = {197--202},
    YEAR = {1981}
}

@INPROCEEDINGS{guiraud:emotions-formalization-speech-acts,
	AUTHOR = {Nadine Guiraud and Dominique Longin and Emiliano Lorini and Sylvie Pesty and J{\'e}r{\'e}my Rivi\`{e}re},
	TITLE = {The Face of Emotions: A Logical Formalization of Expressive Speech Acts},
	BOOKTITLE = {The 10th International Conference on Autonomous Agents and Multiagent Systems - Volume 3},
	PUBLISHER = {International Foundation for Autonomous Agents and Multiagent Systems},
	PAGES = {1031--1038},
	YEAR = {2011}
} 

@INPROCEEDINGS{freitas:artificial-emotions-ready,
	AUTHOR = {Jackeline Spinola de Freitas and João Queiroz},
	TITLE = {Artificial Emotions: Are We Ready for Them?},
	BOOKTITLE = {ECAL},
	PUBLISHER = {Springer},
	EDITOR = {Fernando Almeida e Costa and Luis Mateus Rocha and Ernesto Costa and Inman Harvey and António Coutinho},
	VOLUME = {4648},
	PAGES = {223-232},
	YEAR = {2007}
}

@INPROCEEDINGS{scheutz:emotion-action-behavior,
	AUTHOR = {Matthias Scheutz},
	TITLE = {Affective Action Selection and Behavior Arbitration for Autonomous Robots},
	BOOKTITLE = {Proceedings of the 2002 International Conference on Artificial Intelligence},
	PUBLISHER = {CSREA Press},
	EDITOR = {Hamid Arabnia},
	PAGES = {334-340},
	YEAR = {2002}
}

@INPROCEEDINGS{tan:trust-bbn,
	AUTHOR = {Colin Keng-Yan Tan},
	TITLE = {A Belief Augmented Frame Computational Trust Model},
	BOOKTITLE = {FLAIRS Conference},
	PUBLISHER = {AAAI Press},
	PAGES = {647-652},
	YEAR = {2005}
}

@INPROCEEDINGS{dearden:forward-model-robot,
	AUTHOR = {Anthony Dearden and Yiannis Demiris},
	TITLE = {Learning Forward Models for Robots},
	BOOKTITLE = {Proceedings of the 19th International Joint Conference on Artificial Intelligence},
	PUBLISHER = {Morgan Kaufmann Publishers Inc.},
	PAGES = {1440--1445},
	YEAR = {2005}
}

@INPROCEEDINGS{luneski:emotion-aware-interaction,
	AUTHOR = {Andrej Luneski and Roger K. Moore},
	TITLE = {Affective Computing and Collaborative Networks: Towards Emotion-Aware Interaction},
	BOOKTITLE = {Pervasive Collaborative Networks},
	PUBLISHER = {Springer US},
	VOLUME = {283},
	PAGES = {315-322},
	YEAR = {2008}
}

@INPROCEEDINGS{parkinson:emotion-social-interaction,
	AUTHOR = {Claudia Marinetti and Penny Moore and Pablo Lucas and Brian Parkinson},
	TITLE = {Emotions in Social Interactions: Unfolding Emotional Experience},
	BOOKTITLE = {Emotion-Oriented Systems, Cognitive Technologies},
	PUBLISHER = {Springer Berlin Heidelberg},
	PAGES = {31-46},
	YEAR = {2011}
}

@INPROCEEDINGS{hill:synthetic-battlefield-aircraft,
	AUTHOR = {Randall W. Hill and Jr. and Johnny Chen and Jonathan Gratch and Paul Rosenbloom and Milind Tambe},
	TITLE = {Intelligent Agents for the Synthetic Battlefield: A Company of Rotary Wing Aircraft},
	BOOKTITLE = {Innovative Applications of Artificial Inttigence (IAAI-97)},
	PAGES = {227-262},
	YEAR = {1997}
}

@INPROCEEDINGS{grosz:shared-plans,
	AUTHOR = {Barbara Grosz and Sarit Kraus},
	TITLE = {The Evolution of Shared Plans},
	BOOKTITLE = {Foundations and Theories of Rational Agency},
	PAGES = {227-262},
	YEAR = {1998}
}

@INPROCEEDINGS{marsella:modeling-tom-reasoning,
	AUTHOR = {Mei Si and Stacy C. Marsella and David V. Pynadath},
	TITLE = {Modeling appraisal in theory of mind reasoning},
	BOOKTITLE = {Journal of Autonomous Agents and Multi-Agent Systems; Proceedings of the 8th International Conference on Intelligent Virtual Agents},
	VOLUME = {20(1)},
	PAGES = {14-31},
	MONTH = {January},
	YEAR = {2010}
}

@INPROCEEDINGS{gratch:emotion-intention,
	AUTHOR = {Jonathan Gratch},
	TITLE = {True Emotion vs. Social Intentions in Nonverbal Communication: Towards a Synthesis for Embodied Conversational Agents},
	BOOKTITLE = {ZiF Workshop},
	PUBLISHER = {Springer},
	VOLUME = {4930},
	PAGES = {181-197},
	MONTH = {January},
	YEAR = {2008}
}

@INPROCEEDINGS{luneski:emotion-aware,
	AUTHOR = {Andrej Luneski and Roger K. Moore},
	TITLE = {Affective Computing and Collaborative Networks: Towards Emotion-Aware Interaction},
	BOOKTITLE = {Virtual Enterprises and Collaborative Networks},
	PUBLISHER = {Springer},
	VOLUME = {283},
	SERIES = {IFIP},
	PAGES = {315-322},
	YEAR = {2008}
}

@INPROCEEDINGS{osterholm:belief-ontology,
	AUTHOR = {{\"O}sterholm, Magnus},
	TITLE = {The ontology of beliefs from a cognitive perspective},
	BOOKTITLE = {Proceedings of the conference MAVI-15: Ongoing research on beliefs in mathematics education},
	PUBLISHER = {Department of Mathematics, University of Genoa},
	PAGES = {35-46},
	YEAR = {2010}
}

@INPROCEEDINGS{hoogendoorn:emotions-beliefs-intentions,
	AUTHOR = {Mark Hoogendoorn and Jan Treur and C. Natalie van der Wal and Arlette van Wissen},
	TITLE = {Modelling the Interplay of Emotions, Beliefs and Intentions within Collective Decision Making Based on Insights from Social Neuroscience},
	BOOKTITLE = {Proceedings of the 17th international conference on Neural information processing: theory and algorithms - Volume Part I},
	PUBLISHER = {Springer},
	VOLUME = {6443},
	SERIES = {Lecture Notes in Computer Science},
	PAGES = {196-206},
	YEAR = {2010}
}

@INPROCEEDINGS{craggs:annotating,
	AUTHOR = {Richard Craggs and  Mary McGee Wood},
	TITLE = {Annotating emotion in dialogue},
	BOOKTITLE = {Proceedings of the Fourth {SIGdial} Workshop on Discourse and Dialogue},
	PAGES = {218-225},
	YEAR = {2003}
}

@INPROCEEDINGS{craggs:categorical-annotating,
	AUTHOR = {Richard Craggs and  Mary McGee Wood},
	TITLE = {A Categorical Annotation Scheme for Emotion in the Linguistic Content of Dialogue},
	BOOKTITLE = {Affective Dialogue Systems},
	PAGES = {89-100},
	YEAR = {2004}
}

@INPROCEEDINGS{marsella:emotion-change-belief,
	AUTHOR = {Stacy Marsella and Jonathan Gratch},
	TITLE = {A step toward irrationality: using emotion to change belief},
	BOOKTITLE = {Proceedings of the first international joint conference on Autonomous agents and multiagent systems: part 1},
	PUBLISHER = {ACM},
	VOLUME = {1},
	SERIES = {AAMAS '02},
	PAGES = {334-341},
	YEAR = {2002}
}

@INPROCEEDINGS{thomaz:social-referencing,
	AUTHOR = {Andrea Lockerd Thomaz and Matt Berlin and Cynthia Breazeal},
	TITLE = {Robot science meets social science an embodied computational model of social referencing},
	BOOKTITLE = {Workshop Toward Social Mechanisms of Android Science (CogSci)},
	PAGES = {7-17},
	YEAR = {2005}
}

@INPROCEEDINGS{rich:procedural-dialogue,
	AUTHOR = {Charles Rich and Candace L. Sidner},
	TITLE = {Procedural Dialogue Authoring with Hierarchical Task Networks and Dialogue Trees},
	BOOKTITLE = {12th International Conference on Intelligent Virtual Agents},
	YEAR = {2012}
}

@INPROCEEDINGS{scheutz:emotion-role,
	AUTHOR = {Matthias Scheutz},
	TITLE = {Useful Roles of Emotions in Artificial Agents: A Case Study from Artificial Life},
	BOOKTITLE = {Proceedings of {AAAI}},
	PUBLISHER = {AAAI Press},
	PAGES = {31--40},
	YEAR = {2004}
}

@INPROCEEDINGS{pollack:plan-inference,
	AUTHOR = {Martha E. Pollack},
	TITLE = {A Model of Plan Inference That Distinguishes Between the Beliefs of Actors and Observers},
	BOOKTITLE = {Proceedings of the 24th Annual Meeting on Association for Computational Linguistics},
	PUBLISHER = {Association for Computational Linguistics},
	PAGES = {207--214},
	YEAR = {1986}
} 

@INPROCEEDINGS{lochbaum:plan-models,
	AUTHOR = {Karen E. Lochbaum and Barbara J. Grosz and Candace L. Sidner},
	TITLE = {Models of Plans to Support Communication: An Initial Report},
	BOOKTITLE = {Proceedings of the Eighth National Conference on Artificial Intelligence},
	PUBLISHER = {AAAI Press},
	PAGES = {485--490},
	YEAR = {1990}
}

@INPROCEEDINGS{searle:collective,
    AUTHOR = {John R. Searle},
    TITLE = {Collective Intentionality},
    BOOKTITLE = {Intentions in Communication},
    PUBLISHER = {MIT Press},
    PAGES = {401--415},
    YEAR = {1990}
}

@INPROCEEDINGS{pollack:plan-mental-attitudes,
    AUTHOR = {Martha E. Pollack},
    TITLE = {Plans As Complex Mental Attitudes},
    BOOKTITLE = {Intentions in Communication},
    PUBLISHER = {MIT Press},
    PAGES = {77--103},
    YEAR = {1990}
}

@INPROCEEDINGS{levesque:acting-together,
	AUTHOR = {Hector J. Levesque and Philip R. Cohen and José H. T. Nunes},
	TITLE = {On Acting Together.},
	BOOKTITLE = {AAAI},
	PUBLISHER = {AAAI Press / The MIT Press},
	PAGES = {94-99},
	YEAR = {1990}
}

@INPROCEEDINGS{wilsker:study-theories,
	AUTHOR = {Burt Wilsker},
	TITLE = {A Study of Multi-Agent Collaboration Theories},
	BOOKTITLE = {ISI Research Report},
	PAGES = {396--449},
	YEAR = {1996}
}

@INPROCEEDINGS{castelfranchi:commitments-aids,
	AUTHOR = {Cristiano Castelfranchi},
	TITLE = {Commitments: From Individual Intentions to Groups and Organizations},
	BOOKTITLE = {Proceedings of the first international conference on multiagent systems},
	PAGES = {41--48},
	YEAR = {1995}
}

@INPROCEEDINGS{shayganfar:methodology,
	AUTHOR = {Mohammad Shayganfar and Charles Rich and Candace L. Sidner},
	TITLE = {A design methodology for expressing emotion on robot faces},
	BOOKTITLE = {IROS},
	PUBLISHER = {IEEE},
	PAGES = {4577-4583},
	YEAR = {2012}
}

@INPROCEEDINGS{manso:synchronization,
	AUTHOR = {Marco Manso and James Moffat},
	TITLE = {Defining and Measuring Cognitive-Entropy and Cognitive Self-Synchronization},
	BOOKTITLE = {ICCRTS},
	YEAR = {2011}
}

@INPROCEEDINGS{hobbs:microsociology-relationship,
	AUTHOR = {Jerry R. Hobbs and Alicia Sagae and Suzanne Wertheim},
	TITLE = {Toward a Commonsense Theory of Microsociology: Interpersonal Relationships},
	BOOKTITLE = {Formal Ontology in Information Systems - Proceedings of the Seventh International Conference},
	PAGES = {249-262},
	YEAR = {2012},
}

@INPROCEEDINGS{rickel:discourse-theory-dialogue,
	AUTHOR = {Jeff Rickel and Neal Lesh and Charles Rich and Candace L. Sidner and Abigail Gertner},
	TITLE = {Collaborative Discourse Theory as a Foundation for Tutorial Dialogue},
	BOOKTITLE = {Proceedings Sixth International Conference on Intelligent Tutoring Systems},
	YEAR = {2002}
}

@INPROCEEDINGS{dolores:socially-emotional,
	AUTHOR = {Dolores Ca$\tilde{n}$amero and Walter Van de Velde},
	TITLE = {Socially emotional: Using emotions to ground social interaction},
	BOOKTITLE = {In Working Notes of the AAAI'97 Fall Symposium on Socially Intelligent Agents},
	YEAR = {1997}
}

@INPROCEEDINGS{gratch:reverse-appraisal,
	AUTHOR = {Celso M. de Melo and Jonathan Gratch and Peter Carnevale and Stephen J. Read},
	TITLE = {Reverse Appraisal: The Importance of Appraisals for the Effect of Emotion Displays on People's Decision-making in Social Dilemma},
	BOOKTITLE = {Proceedings of the 34th Annual Meeting of the Cognitive Science Society ({CogSci})},
	YEAR = {2012}
}

@INPROCEEDINGS{birnholtz:effects-behavior,
	AUTHOR = {Jeremy Birnholtz and Nanyi Bi and Susan Fussell},
 	TITLE = {Do You See That I See?: Effects of Perceived Visibility on Awareness Checking Behavior},
	BOOKTITLE = {Proceedings of the SIGCHI Conference on Human Factors in Computing Systems},
	PUBLISHER = {ACM},
 	PAGES = {1765--1774},
 	YEAR = {2012}
}

@INPROCEEDINGS{louis:communication-dynamic,
	AUTHOR = {Louis Philippe Morency},
	TITLE = {Computational Study of Human Communication Dynamic},
	BOOKTITLE = {Proceedings of the 2011 Joint ACM Workshop on Human Gesture and Behavior Understanding},
	PUBLISHER = {ACM},
	PAGES = {13--18},
	YEAR = {2011}
}

@INPROCEEDINGS{pfeifer:robotics-emotion,
	AUTHOR    = {Rolf Pfeifer and Hiroshi Ishiguro and Yuichiro Anzai and Naomi Miyake},
	TITLE     = {Robotics and Emotion},
	BOOKTITLE = {Building Bridges Across Cognitive Sciences Around the World: Proceedings of the 34th Annual Meeting of the Cognitive Science Society; Sapporo, Japan, August 1-4, 2012},
	EDITOR    = {Naomi Miyake and David Peebles and Richard P. Cooper},
	PUBLISHER = {Cognitive Science Society},
	PAGES = {30--31},
	YEAR      = {2012}
}

@INPROCEEDINGS{sidner:discourse-collaborative-negotiation,
    AUTHOR = {Candace Sidner},
    TITLE = {An Artificial Discourse Language for Collaborative Negotiation},
    BOOKTITLE = {Proceedings of the Twelfth National Conference on Artificial Intelligence},
    PUBLISHER = {MIT Press},
    PAGES = {814--819},
    YEAR = {1994}
}

@INPROCEEDINGS{huber:without-communication,
    AUTHOR = {Marcus Huber and Edmund H. Durfee},
    TITLE = {On acting together: Without communication},
    BOOKTITLE = {In Working Notes of the AAAI Spring Symposium on Representing Mental States and Mechanisms},
    PAGES = {60-71},
    YEAR = {1995}
}

@INPROCEEDINGS{yin:knowledge-based-sharedplans,
	AUTHOR = {Jianwen Yin and Michael S. Miller and Thomas R. Ioerger and John Yen and Richard A. Volz},
	TITLE = {A Knowledge-based Approach for Designing Intelligent Team Training Systems},
	BOOKTITLE = {Proceedings of the Fourth International Conference on Autonomous Agents},
	PAGES = {427--434},
	PUBLISHER = {ACM},
	YEAR = {2000}
} 

@INPROCEEDINGS{yen:cast,
    AUTHOR = {John Yen and Jianwen Yin and Thomas R. Ioerger and Michael S. Miller and Dianxiang Xu and Richard A. Volz},
    TITLE = {CAST: Collaborative Agents for Simulating Teamwork},
    BOOKTITLE = {Proceedings of IJCAI’2001},
    PAGES = {1135--1142},
    YEAR = {2001}
}

@INPROCEEDINGS{ahmadpour:occ-dimensional-comparison,
    AUTHOR = {Naseem Ahmadpour},
    TITLE = {OCC model: application and comparison to the dimensional model of emotion},
    BOOKTITLE = {In Proceedings of International Conference on KANSEI Engineering and Emotion Reseach},
    PAGES = {607--617},
    YEAR = {2014}
}

@INPROCEEDINGS{matignon:verbal-nonverbal-collaboration,
	AUTHOR = {Laetitia Matignon and Abir Beatrice Karami and Abdel-Illah Mouaddib},
	TITLE = {A Model for Verbal and Non-Verbal Human-Robot Collaboration},
	BOOKTITLE = {AAAI Fall Symposium Series},
	PAGES = {62--67},
	YEAR = {2010}
}

@INPROCEEDINGS{cohen:team-formation,
	AUTHOR = {Philip Cohen and Hector Levesque and Ira Smith},
	TITLE = {On Team Formation},
	BOOKTITLE = {Contemporary Action Theory. Synthese},
	PUBLISHER = {Kluwer Academic Publishers},
	PAGES = {87--114},
	YEAR = {1997}
}

@INPROCEEDINGS{tambe:agent-archtecture-teamwork,
	AUTHOR = {Milland Tambe},
	TITLE = {Agent architecture for flexible, practical teamwork},
	BOOKTITLE = {Proceedings of the National Conference on Artificial Intelligence},
	PAGES = {22--28},
	YEAR = {1997}
}

@INPROCEEDINGS{subramanian:joint-intention-dialogue,
	AUTHOR = {Rajah Annamalai Subramanian and Sanjeev Kumar and Philip Cohen},
	TITLE = {Integrating Joint Intention Theory, Belief Reasoning, and Communicative Action for Generating Team-Oriented Dialogue},
	BOOKTITLE = {AAAI},
	PUBLISHER = {AAAI Press},
	PAGES = {1501--1507},
	YEAR = {2006}
}

@INPROCEEDINGS{scerri:robot-agent-person,
	AUTHOR = {Paul Scerri and David Pynadath and Lewis Johnson and Paul Rosenbloom and Mei Si and Nathan Schurr and Milind Tambe},
	TITLE = {A prototype infrastructure for distributed robot-agent-person teams},
	BOOKTITLE = {The Second International Joint Conference on Autonomous Agents and Multiagent Systems},
	YEAR = {2003}
} 

@INPROCEEDINGS{scerri:prototype-distributed-teams,
	AUTHOR = {Paul Scerri and David Pynadath and Lewis Johnson and Paul Rosenbloom and Mei Si and Nathan Schurr and Milind Tambe},
	TITLE = {A Prototype Infrastructure for Distributed Robot-agent-person Teams},
	BOOKTITLE = {Proceedings of the Second International Joint Conference on Autonomous Agents and Multiagent Systems},
	PUBLISHER = {ACM},
	ADDRESS = {New York, NY, USA},
	SERIES = {AAMAS '03},
	LOCATION = {Melbourne, Australia},
	PAGES = {433--440},
	YEAR = {2003}
} 

@INPROCEEDINGS{clair:action-intention-collaboraiton,
	AUTHOR = {Aaron B. St. Clair and Maja J. Matari$\acute{c}$},
	TITLE = {Modeling Action and Intention for the Production of Coordinating Communication in Human-Robot Task Collaborations},
	BOOKTITLE = {21st IEEE International Symposium on Robot and Human Interactive Communication: Workshop on Robot Feedback in HRI},
	ADDRESS = {Paris, France},
	YEAR = {2012}
}

@INPROCEEDINGS{rank:appraisal-story-world,
	AUTHOR = {Stefan Rank and Paolo Petta},
	TITLE = {Appraisal for a Character-based Story-World},
	BOOKTITLE = {5th International Working Conference on Intelligent Virtual Agents},
	PUBLISHER = {Springer},
	ADDRESS = {Kos, Greece},
	YEAR = {2005}
}

@INPROCEEDINGS{nikolaidis:collaboration-joint-action,
	AUTHOR = {Stefanos Nikolaidis and Przemyslaw A. Lasota and Gregory F. Rossano and Carlos Martinez and Thomas A. Fuhlbrigge and Julie A. Shah},
   	TITLE = {Human-robot collaboration in manufacturing: Quantitative evaluation of predictable, convergent joint action},
	BOOKTITLE = {ISR},
	PAGES = {1-6},
	YEAR = {2013}
}

@INPROCEEDINGS{neal:modeling-antecedents,
	AUTHOR = {W. Scott Neal Reilly},
   	TITLE = {Modeling what happens between emotional antecedents and emotional consequents},
	BOOKTITLE = {Eighteenth European Meeting on Cybernetics and Systems Research},
	YEAR = {2006}
}

@INPROCEEDINGS{traum:negotiation-teams-training,
	AUTHOR = {David Traum and Jeff Rickel and onathan Gratch and Stacy Marsella},
   	TITLE = {Negotiation over tasks in hybrid human-agent teams for simulation-based training},
	BOOKTITLE = {International Conference on Autonomous Agents and Multiagent Systems},
	YEAR = {2003}
}

@INPROCEEDINGS{hunsberger:shared-plans-easier,
    AUTHOR = {Luke Hunsberger},
    TITLE = {{Making Shared Plans More Concise and Easier to Reason About}},
    BOOKTITLE = {Proceedings of the 5th International Workshop on Intelligent Agents V : Agent Theories, Architectures, and Languages ({ATAL}-98)},
    PAGES = {81--98},
    PUBLISHER = {Springer-Verlag: Heidelberg, Germany},
    VOLUME = {1555},
    YEAR = {1999}
}

@INPROCEEDINGS{hunsberger:auction-collaborative,
	AUTHOR = {Luke Hunsberger and Barbara J. Grosz},
   	TITLE = {A combinatorial auction for collaborative planning},
	BOOKTITLE = {In Proceedings of ICMAS},
	YEAR = {2000}
}

@INPROCEEDINGS{klug:emotion-based-hri,
	AUTHOR = {Marius Klug and Andreas Zell},
   	TITLE = {Emotion-based human-robot-interaction},
	BOOKTITLE = {IEEE 9th International Conference on Computational Cybernetics (ICCC)},
	YEAR = {2013}
}

@INPROCEEDINGS{gebhard:alma,
	AUTHOR = {Patrick Gebhard},
   	TITLE = {A Layered Model of Affect},
	BOOKTITLE = {5th International Joint Conference on Autonomous Agents and Multiagent Systems},
	PAGES = {29-36},
	YEAR = {2005}
}

@INPROCEEDINGS{mao:social-causality,
	AUTHOR = {Wenji Mao and Jonathan Gratch},
   	TITLE = {Evaluating a computational model of social causality and responsibility},
	BOOKTITLE = {Fourth International Joint Conference on Autonomous Agents and Multiagent Systems},
	YEAR = {2006}
}

@INPROCEEDINGS{rauenbusch:decision-making-planning,
	AUTHOR = {Timothy W. Rauenbusch and Barbara J. Grosz},
   	TITLE = {A Decision Making Procedure for Collaborative Planning},
	BOOKTITLE = {Proceedings of the Second International Joint Conference on Autonomous Agents and Multiagent Systems},
	YEAR = {2003}
}

@INPROCEEDINGS{becker:affect-primary-secondary,
	AUTHOR = {Christian Becker-Asano and Ipke Wachsmuth},
   	TITLE = {Affect Simulation with Primary and Secondary Emotions},
	BOOKTITLE = {8th International Conference on Intelligent Virtual Agents},
	YEAR = {2008}
}

@INPROCEEDINGS{conati:evaluating-student-affect,
	AUTHOR = {Cristina Conati and Heather Maclare},
   	TITLE = {Evaluating a probabilistic model of student affect},
	BOOKTITLE = {7th International Conference on Intelligent Tutoring Systems},
	YEAR = {2004}
}

@INPROCEEDINGS{vogiatzis:robot-museum,
	AUTHOR = {Dimitrios Vogiatzis and Constantine Spyropoulos and Vangelis Karkaletsis and Zerrin Kasap and Colin Matheson and Olivier Deroo},
   	TITLE = {An Affective Robot Guide to Museums},
	BOOKTITLE = {Proceedings of the 4th International Workshop on Human-Computer Conversation},
	YEAR = {2008}
}

@INPROCEEDINGS{kiryazov:modeling-appraisal-pad,
	AUTHOR = {Kiril Kiryazov and Robert Lowe and Christian Becker-Asano and Tom Ziemke},
   	TITLE = {Modelling Embodied Appraisal in Humanoids : Grounding PAD space for Augmented Autonomy},
	BOOKTITLE = {Proceedings of the Workshop on Standards in Emotion Modeling},
	YEAR = {2011}
}

@INPROCEEDINGS{hegel:empathic-robot,
	AUTHOR = {Frank Hegel and Torsten Spexard and Britta Wrede and Gernot Horstmann and Thurid Vogt},
   	TITLE = {Playing a different imitation game: Interaction with an Empathic Android Robot},
	BOOKTITLE = {Proceedings of 2006 IEEE-RAS International Conference on Humanoid Robots (Humanoids06)},
	YEAR = {2006}
}

@INPROCEEDINGS{lisetti:affect-socially-intelligent,
	AUTHOR = {Christine L. Lisetti},
   	TITLE = {Personality, Affect and Emotion Taxonomy for Socially Intelligent Agents},
	BOOKTITLE = {Proceedings of the Fifteenth International Florida Artificial Intelligence Research Society Conference},
	PUBLISHER = {AAAI Press},
	YEAR = {2002}
}

@INPROCEEDINGS{zamfirescu:gdss,
	AUTHOR = {Zamfirescu and Candea},
	TITLE = {On Integrating Agents Into GDSS},
	BOOKTITLE = {Preprints of the 9th IFAC / IFORS / IMACS / IFIP/ Symposium on Large Scale Systems: Theory and Applications},
	YEAR = {2001}
}

@INPROCEEDINGS{becker:wasabi-description,
	AUTHOR = {Christian Becker-Asano},
	TITLE = {WASABI for affect simulation in human-computer interaction: Architecture description and example applications},
	BOOKTITLE = {Proceedings of ERM4HCI workshop in conjunction with ICMI 2013},
	PUBLISHER = {Springer},
	YEAR = {2013}
}

@INPROCEEDINGS{hirth:roman,
	AUTHOR = {Jochen Hirth and Norbert Schmitz and Karsten Berns},
	TITLE = {Emotional Architecture for the Humanoid Robot Head ROMAN},
	BOOKTITLE = {IEEE International Conference on Robotics and Automation},
	PUBLISHER = {IEEE},
	YEAR = {2007}
}

@INPROCEEDINGS{paiva:agent-care,
	AUTHOR = {Ana Paiva and Joao Dias and Daniel Sobral and Ruth Aylett and Polly Sobreperez and Sarah Woods and Carsten Zoll and Lynne Hall},
   	TITLE = {Caring for agents and agents that care: Building empathic relations with synthetic agents},
	BOOKTITLE = {Proceedings of the Third International Joint Conference on Autonomous Agents and Multiagent Systems-Volume 1},
	PAGES = {194--201},
	YEAR = {2004}
}

@INPROCEEDINGS{pontier:women-robot-men,
	AUTHOR = {Matthijs Pontier and Johan F. Hoorn},
   	TITLE = {How Women Think Robots Perceive Them - as if Robots were Men},
	BOOKTITLE = {International Conference on Agents and Artificial Intelligence (ICAART-2)},
	PAGES = {496--504},
	YEAR = {2013}
}

@BOOK{izard:human-emotions,
	AUTHOR = {Carol Ellis Izard},
	TITLE = {Human Emotions},
	PUBLISHER = {NY: PLenum},
	YEAR = {1977}
}

@BOOK{tomkins:affect,
	AUTHOR = {Silvan S. Tomkins},
	TITLE = {Affect, Imagery, Consciousness},
	PUBLISHER = {NY: Springer},
	YEAR = {1962}
}

@BOOK{murray:personality-exploration,
	AUTHOR = {Henry A. Murray},
	TITLE = {Explorations of Personality},
	PUBLISHER = {Oxford University Press, New York},
	YEAR = {1938}
}

@BOOK{schultheiss:implicit-motive,
	AUTHOR = {Oliver Schultheiss and Joachim Brunstein},
	TITLE = {Implicit Motives},
	PUBLISHER = {Oxford University Press},
	YEAR = {2010}
}

@BOOK{wright:implementation-agent-architecture,
	AUTHOR = {Ian Wright and Aaron Sloman},
	TITLE = {{MINDER1:} An Implementation of a Protoemotional Agent Architecture},
	SERIES = {Cognitive science research papers},
	PUBLISHER = {University of Birmingham, Cognitive Science Research Centre},
	YEAR = {1997}
}

@BOOK{minsky:society-mind,
	AUTHOR = {Marvin Minsky},
	TITLE = {The Society of Mind},
	PUBLISHER = {Simon \& Schuster, Inc.},
	YEAR = {1986}
} 

@BOOK{occ:structure,
    AUTHOR = {Andrew Ortony and Gerald L. Clore and Allan Collins},
    TITLE = {The Cognitive Structure of Emotions},
    PUBLISHER = {Cambridge University Press},
    YEAR = {1988}
}

@BOOK{frijda:emotions-beliefs,
    AUTHOR = {Nico H. Frijda and Antony S. R. Manstead and Sacha Bem},
    TITLE = {Emotions and Beliefs: How Feelings Influence Thoughts},
    PUBLISHER = {Cambridge University Press},
    YEAR = {2000}
}

@BOOK{frijda:emotions,
    AUTHOR = {Nico H. Frijda},
    TITLE = {The Emotions},
    PUBLISHER = {Cambridge University Press},
    YEAR = {1986}
}

@BOOK{coelho:coping,
    AUTHOR = {George V. Coelho and David A. Hamburg and John Evi Adams},
    TITLE = {Coping and adaptation},
    PUBLISHER = {Basic Books},
    YEAR = {1974}
}

@BOOK{mehrabian-russell:pad,
    AUTHOR = {Albert Mehrabian and James A. Russell},
    TITLE = {An approach to environmental psychology},
    PUBLISHER = {The MIT Press},
    YEAR = {1974}
}

@BOOK{niedenthal:psychology-emotion,
    AUTHOR = {Paula Niedenthal and Silvia Krauth-Gruber and Francois Ric},
    TITLE = {Psychology of Emotion: Interpersonal, Experiential, and Cognitive Approaches (Principles of Social Psychology)},
    PUBLISHER = {Psychology Press},
    YEAR = {2006}
}

@BOOK{arnold:emotion-personality,
    AUTHOR = {Magda B. Arnold},
    TITLE = {Emotion and personality},
    PUBLISHER = {Cassell & Co.},
    YEAR = {1960}
}

@BOOK{simon:models-thought,
    AUTHOR = {Herbert A. Simon},
    TITLE = {Models of Thought},
    PUBLISHER = {Yale University Press},
    YEAR = {1979}
}

@BOOK{cohen:intentions,
    AUTHOR = {Philip R. Cohen and Jerry Morgan and Martha E. Pollack},
    TITLE = {Intentions in Communication},
    PUBLISHER = {A Bradford Book},
    YEAR = {1990}
}

@BOOK{picard:affective-computing,
    AUTHOR = {Rosalind W. Picard},
    TITLE = {Affective Computing},
    PUBLISHER = {The MIT Press},
    YEAR = {2000}
}

@BOOK{tiedens:social-life,
    AUTHOR = {Larissa Z. Tiedens and Colin Wayne Leach},
    TITLE = {The Social Life of Emotions (Studies in Emotion and Social Interaction)},
    PUBLISHER = {Cambridge University Press},
    YEAR = {2004}
}

@BOOK{kemper:social-emotion,
    AUTHOR = {Theodore D. Kemper},
    TITLE = {A Social Interactional Theory of Emotions},
    PUBLISHER = {John Wiley & Sons},
    YEAR = {1978}
}

@BOOK{lazarus:appraisal-coping,
    AUTHOR = {Richard Stanley Lazarus and Susan Folkman},
    TITLE = {Stress, Appraisal, and Coping},
    PUBLISHER = {Springer Publishing Company},
    YEAR = {1984}
}

@BOOK{lazarus:emotion-adaptation,
    AUTHOR = {Richard Stanley Lazarus},
    TITLE = {Emotion and Adaptation},
    PUBLISHER = {OXFORD University Press},
    YEAR = {1991}
}

@BOOK{scherer:appraisal-processes,
    AUTHOR = {Klaus R. Scherer and Angela Schorr and Tom Johnstone},
    TITLE = {Appraisal Processes in Emotion: Theory, Methods, Research},
    PUBLISHER = {Oxford University Press},
    YEAR = {2001}
}

@BOOK{audi:action-intention,
    AUTHOR = {Robert Audi},
    TITLE = {Action, Intention, and Reason},
    PUBLISHER = {Cornell University Press},
    YEAR = {1993}
}

@BOOK{fitzpatrick:action-intention,
    AUTHOR = {Kevin Fitzpatrick},
    TITLE = {Meaning, Intention and Intentionality},
    PUBLISHER = {University College of Swansea},
    YEAR = {1990}
}

@BOOK{malle:intention-intentionality,
    AUTHOR = {Bertram F. Malle and Louis J. Moses and Dare A. Baldwin},
    TITLE = {Intentions and Intentionality: Foundations of Social Cognition},
    PUBLISHER = {MIT Press},
    YEAR = {2001}
}

@BOOK{ravenscroft:folk,
    AUTHOR = {Ian Ravenscroft},
    TITLE = {Folk Psychology as a Theory},
    PUBLISHER = {Stanford Encyclopedia of Philosophy},
    YEAR = {2004}
}

@BOOK{elen:links-beliefs,
    AUTHOR = {Jan Elen},
    TITLE = {Links Between Beliefs and Cognitive Flexibility: Lessons Learned},
    PUBLISHER = {Springer},
    YEAR = {2011}
}

@BOOK{dreyfus:artificial-critique,
	AUTHOR = {Dreyfus, Hubert L.},
	TITLE = {What Computers Still Can'T Do: A Critique of Artificial Reason},
	YEAR = {1992},
	PUBLISHER = {MIT Press}
}

@BOOK{bratman:intentions-plans,
	TITLE = {Intention, Plans, and Practical Reason},
	AUTHOR = {Michael E. Bratman},
	YEAR = {1987},
	PUBLISHER = {Cambridge, Mass.: Harvard University Press}
}

@BOOK{cohen:teamwork,
	TITLE = {Teamwork},
	AUTHOR = {Philip Cohen and Hector J. Levesque},
	YEAR = {1991},
	PUBLISHER = {SRI International}
}

@BOOK{schon:reflection,
	TITLE = {Educating the Reflective Practitioner: Toward a New Design for Teaching and Learning in the Professions},
	AUTHOR = {Donald A. Schon},
	YEAR = {1987},
	PUBLISHER = {Wiley}
}

@BOOK{graham:motivation,
	TITLE = {Theories and Principles of Motivation},
	AUTHOR = {Sandra Graham and Bernard Weiner},
	YEAR = {1996},
	PUBLISHER = {Prentice Hall}
}

@BOOK{beck:motivation,
	TITLE = {Motivation: Theories and Principles},
	AUTHOR = {Robert Beck},
	YEAR = {2003},
	PUBLISHER = {Pearson}
}

@BOOK{bach:psi,
	TITLE = {Principles of Synthetic Intelligence PSI: An Architecture of Motivated Cognition},
	AUTHOR = {Bach, Joscha},
	YEAR = {2009},
	PUBLISHER = {Oxford University Press, Inc.}
}

@BOOK{russell:ai-modern,
	TITLE = {Artificial Intelligence: A Modern Approach},
	AUTHOR = {Stuart J. Russell and Peter Norvig},
	YEAR = {2003},
	PUBLISHER = {Pearson Education}
} 

@BOOK{aristotle:ethics,
	TITLE = {The Nicomachean Ethics},
	AUTHOR = {Aristotle},
	YEAR = {2009},
	PUBLISHER = {George Bell and Sons}
}

@BOOK{sousa:rationality-emotion,
	TITLE = {The Rationality of Emotion},
	AUTHOR = {Ronald De Sousa},
	YEAR = {1990},
	PUBLISHER = {MIT Press}
}

@BOOK{castaneda:thinking,
	TITLE = {Thinking and Doing},
	AUTHOR = {Hector-Neri $Casta\tilde{n}eda$},
	YEAR = {1975},
	PUBLISHER = {Dordrecht, Holland: D. Riedel}
}

@BOOK{anscombe:intention,
	TITLE = {Intention},
	AUTHOR = {Gertrude Elizabeth Margaret Anscombe},
	YEAR = {1963},
	PUBLISHER = {NY: Cornell University Press}
}

@BOOK{coan:emotion-dyadic,
	TITLE = {Handbook of Emotion Elicitation and Assessment},
	AUTHOR = {James A. Coan and John J.B. Allen},
	YEAR = {2007},
	PUBLISHER = {Oxford University Press, USA}
}

@BOOK{wisecup:sociology-emotions,
	BOOKTITLE = {21st Century Sociology},
	TITLE = {The Sociology of Emotions},
	AUTHOR = {Allison K. Wisecup and Dawn T. Robinson and Lynn Smith-Lovin},
	YEAR = {2007},
	PUBLISHER = {SAGE Publications, Inc.}
}

@BOOK{planalp:communicating-emotion,
	TITLE = {Communicating Emotion: Social, Moral, and Cultural Processes},
	AUTHOR = {Sally Planalp},
	YEAR = {1999},
	PUBLISHER = {Cambridge University Press}
}

@BOOK{goffman:self-presentation,
    TITLE = {The Presentation of Self in Everyday Life},
    AUTHOR = {Erving Goffman},
    YEAR = {1959},
    PUBLISHER = {Anchor}
}

@BOOK{mcclelland:human-motivaiton,
    TITLE = {Human Motivation},
    AUTHOR = {David C. McClelland},
    YEAR = {1985},
    PUBLISHER = {Scott, Foresman}
}

@BOOK{darwin:emotion-expression,
	TITLE = {The expression of the emotions in man and animals},
	AUTHOR = {Charles Darwin},
	YEAR = {1916},
	PUBLISHER = {New York; D. Appleton and Co.}
}

@BOOK{laming:understanding-motivation,
	TITLE = {Understanding Human Motivation: What Makes People Tick},
	AUTHOR = {Donald Laming},
	YEAR = {2003},
	PUBLISHER = {Wiley}
}

@BOOK{brody:motivation-goal-action,
	TITLE = {Human motivation: commentary on goal-directed action},
	AUTHOR = {Nathan Brody},
	YEAR = {1983},
	PUBLISHER = {Academic Press New York}
}

@BOOK{pearl:probabilistic-reasoning,
	TITLE = {Probabilistic Reasoning in Intelligent Systems: Networks of Plausible Inference},
	AUTHOR = {Judea Pearl},
	YEAR = {1988},
	PUBLISHER = {Morgan Kaufmann Publishers Inc.}
}

@BOOK{skubch:modelling-behavior-robots,
	TITLE = {Modelling and Controlling of Behaviour for Autonomous Mobile Robots},
	AUTHOR = {Hendrik Skubch},
	YEAR = {2012},
	PUBLISHER = {Springer Science & Business Media}
}

@BOOK{breazeal:sociable-robot,
	TITLE = {Designing Sociable Robots},
	AUTHOR = {Cynthia Breazeal},
	YEAR = {2002},
	PUBLISHER = {MIT Press}
}

@BOOK{schalkoff:intelligent-systems,
	TITLE = {Intelligent Systems: Principles, Paradigms and Pragmatics},
	AUTHOR = {Robert J. Schalkoff},
	YEAR = {2011},
	PUBLISHER = {Jones & Bartlett Learning}
}

@BOOK{atkinson:motives-action-society,
	TITLE = {Motives in fantasy, action, and society: a method of assessment and study},
	AUTHOR = {John William Atkinson},
	YEAR = {1958},
	PUBLISHER = {Van Nostrand}
}

@BOOK{zimmermann:fuzzy-sets,
	TITLE = {Fuzzy Set Theory — and Its Applications},
	AUTHOR = {Hans-J\"urgen Zimmermann},
	YEAR = {2001},
	PUBLISHER = {Springer Science & Business Media}
}

@BOOK{korb:bayesian-ai,
	TITLE = {Bayesian Artificial Intelligence},
	AUTHOR = {Kevin B. Korb and Ann E. Nicholson},
	YEAR = {2003},
	PUBLISHER = {Taylor \& Francis}
}

@BOOK{laird:soar,
	TITLE = {The Soar Cognitive Architecture},
	AUTHOR = {John Laird},
	YEAR = {2012},
	PUBLISHER = {MIT Press}
}

@BOOK{anderson:act-r,
	TITLE = {The Atomic Components of Thought},
	AUTHOR = {John Robert Anderson, Christian Lebiere},
	YEAR = {1998},
	PUBLISHER = {Lawrence Erlbaum Associates}
}

@BOOK{panskepp:affective-neuroscience,
	TITLE = {Affective Neuroscience: The Foundations of Human and Animal Emotions},
	AUTHOR = {Jaak Panskepp},
	YEAR = {1998},
	PUBLISHER = {NY:Oxford University Press}
}

@BOOK{tanimoto:ai-lisp,
	TITLE = {The elements of artificial intelligence: an introduction using LISP},
	AUTHOR = {Steven Tanimoto},
	YEAR = {1987},
	PUBLISHER = {Computer Science Press}
}

@BOOK{halpern:reasoning-uncertaiinty,
	TITLE = {Reasoning about Uncertainty},
	AUTHOR = {Joseph Y. Halpern},
	YEAR = {2005},
	PUBLISHER = {MIT Press}
}

@BOOK{das:decision-making-agents,
	TITLE = {Foundations Of Decision-Making Agents: Logic, Probability and Modality},
	AUTHOR = {Subrata Das},
	YEAR = {2008},
	PUBLISHER = {World Scientific Publishing Co.}
}

@BOOK{shafer:evidence-theory,
	TITLE = {A Mathematical Theory of Evidence},
	AUTHOR = {Glenn Shafer},
	YEAR = {1976},
	PUBLISHER = {Princeton University Press}
}

@INCOLLECTION{jarvis:teams-multiagent-systems,
	TITLE = {Teams in Multi-Agent Systems},
	AUTHOR = {Bevan Jarvis and Dennis Jarvis and Lakhmi Jain},
	YEAR = {2007},
	BOOKTITLE = {Intelligent Information Processing III},
	VOLUME = {228},
	PUBLISHER = {Springer US}
}

@INCOLLECTION{lazarus:cognitive-theory-emotion,
    AUTHOR = {Richard S. Lazarus and J. R. Averill and E. M. Opton},
    TITLE = {Toward a cognitive theory of emotions},
    BOOKTITLE = {Feelings and Emotions},
    PUBLISHER = {New York: Academic Press},
    ADDRESS = {New York},
    PAGES = {207-232},
    YEAR = {1970}
}

@INCOLLECTION{ellsworth:appraisal-processes,
    AUTHOR = {Phoebe C. Ellsworth and Klaus R. Scherer},
    TITLE = {Appraisal Processes in Emotion},
    BOOKTITLE = {Handbook of affective sciences},
    PUBLISHER = {Oxford Univ. Press},
    ADDRESS = {Oxford},
    PAGES = {572-595},
    YEAR = {2003}
}

@INCOLLECTION{parkinson:social,
	AUTHOR = {Claudia Marinetti, Penny Moore, Pablo Lucas and Brian Parkinson},
	TITLE = {Emotions in Social Interactions: Unfolding Emotional Experience},
	BOOKTITLE = {Emotion-Oriented Systems},
	PUBLISHER = {Springer-Verlag Berlin Heidelberg},
	SERIES = {Cognitive Technologies},
	ADDRESS = {London, New York},
	PAGES = {31-46},
	MONTH = {March}, 
	YEAR = {2011}
}

@INCOLLECTION{sidner:enagagement-robot,
	AUTHOR = {Candace L. Sidner and Myroslava Dzikovska},
	TITLE = {A First Experiment in Engagement for Human-Robot Interaction in Hosting Activities},
	BOOKTITLE = {Advances in Natural Multimodal Dialogue Systems},
	PUBLISHER = {Springer Netherlands},
	SERIES = {Cognitive Technologies},
	PAGES = {55-76},
	VOLUME = {30},
	YEAR = {2005}
}

@INCOLLECTION{cowie:concepts-definitions,
	AUTHOR = {Roddy Cowie and Naomi Sussman, and Aaron Ben-Ze'ev},
	TITLE = {Emotion: Concepts and Definitions},
	BOOKTITLE = {Emotion-Oriented Systems},
	PUBLISHER = {Springer-Verlag Berlin Heidelberg},
	SERIES = {Cognitive Technologies},
	ADDRESS = {London, New York},
	PAGES = {9-30},
	MONTH = {March}, 
	YEAR = {2011}
}

@INCOLLECTION{bratman:intention,
	AUTHOR = {Michael E. Bratman},
	TITLE = {What is Intention?},
	BOOKTITLE = {Intentions in Communication},
	PUBLISHER = {The MIT Press},
	SERIES = {Cognitive Technologies},
	ADDRESS = {Cambridge, MA},
	PAGES = {15-32},
	MONTH = {June}, 
	YEAR = {1990}
}

@INCOLLECTION{marsella:computational,
	AUTHOR = {Stacy C. Marsella and Jonathan Gratch and Paola Petta},
	TITLE = {Computational Models of Emotion},
	BOOKTITLE = {Blueprint for Affective Computing (Series in Affective Science)},
	PUBLISHER = {Oxford University Press},
	ADDRESS = {Oxford},
	YEAR = {2010}
}

@INCOLLECTION{griffiths:machiavellian,
	AUTHOR = {Paul E. Griffiths},
	TITLE = {Towards a `Machiavellian' theory of emotional appraisal},
	BOOKTITLE = {Emotion, Evolution and Rationality},
	PUBLISHER = {Oxford University Press},
	PAGES = {89-105},
	ADDRESS = {Oxford},
	YEAR = {2004}
}

@INCOLLECTION{dillenbourg:collaborative-learning,
	AUTHOR = {Pierre Dillenbourg},
	TITLE = {What do you mean by collaborative learning?},
	BOOKTITLE = {Collaborative-learning: Cognitive and Computational Approaches},
	PUBLISHER = {Elsevier},
	PAGES = {1-19},
	ADDRESS = {Oxford},
	YEAR = {1999}
}

@INCOLLECTION{scheutz:affective-goal,
	AUTHOR = {Matthias Scheutz and Paul Schermerhorn},
	TITLE = {Affective Goal and Task Selection for Social Robots},
	BOOKTITLE = {The Handbook of Research on Synthetic Emotions and Sociable Robotics},
	PUBLISHER = {IGI Global},
	PAGES = {74-87},
	YEAR = {2009}
}

@INCOLLECTION{cohen:persistence-intention-commitment,
	AUTHOR = {Philip R. Cohen and Hector J. Levesque},
	TITLE = {Persistence, Intention, and Commitment},
	YEAR = {1990},
	BOOKTITLE = {Intentions in Communication},
	EDITOR = {Philip R. Cohen and Jerry Morgan and Martha E. Pollack},
	PUBLISHER = {MIT Press},
	ADDRESS = {Cambridge, MA},
	PAGES = {33-69}
}

@INCOLLECTION{grosz:plans-discourse,
	AUTHOR = {Barbara J. Grosz and Candace L. Sidner},
	TITLE = {Plans for Discourse},
	YEAR = {1990},
	BOOKTITLE = {Intentions in Communication},
	EDITOR = {P. R. Cohen and J. Morgan and M. E. Pollack},
	PUBLISHER = {MIT Press},
	ADDRESS = {Cambridge, MA},
	PAGES = {417-444},
	KEYWORDS = {plans, pragmatics}
}

@INCOLLECTION{Litman:discourse-commonsense,
	AUTHOR = {D. J. Litman and J. F. Allen},
	TITLE = {Discourse Processing and Commonsense Plans},
	YEAR = {1990},
	BOOKTITLE = {Intentions in Communication},
	EDITOR = {P. R. Cohen and J. Morgan and M. E. Pollack},
	PUBLISHER = {MIT Press},
	ADDRESS = {Cambridge, MA},
	PAGES = {365-388},
	KEYWORDS = {plans, pragmatics}
}

@INCOLLECTION{scherer:nature-function-emotion,
    AUTHOR = {Klaus R. Scherer},
    TITLE = {On the nature and function of emotion: A component process approach},
    YEAR = {1984},
    BOOKTITLE = {Approaches To Emotion},
    EDITOR = {Klaus R. Scherer and Paul Ekman},
    PUBLISHER = {Lawrence Erlbaum},
    ADDRESS = {Hillsdale, NJ},
    PAGES = {293-317},
    KEYWORDS = {emotion-measurement, emotion-model}
}

@INCOLLECTION{pynadath:modeling-tom-appraisal,
	AUTHOR = {David V. Pynadath and Mei Si and Stacy C. Marsella},
	TITLE = {Modeling Theory of Mind and Cognitive Appraisal with Decision-Theoretic Agents},
	YEAR = {2011},
	BOOKTITLE = {Appraisal},
	PUBLISHER = { },
	PAGES = {1-30},
	KEYWORDS = {Social Simulation}
}

@INCOLLECTION{bach:motivaitional-system-ai,
	AUTHOR = {Joscha Bach},
	TITLE = {A Motivational System for Cognitive AI},
	YEAR = 2011,
	BOOKTITLE = {Artificial General Intelligence},
	EDITOR = {J$\ddot{u}$rgen Schmidhuber and Kristinn R. Th$\acute{o}$risson and Moshe Looks},
	VOLUME = {6830},
	SERIES = {Lecture Notes in Computer Science},
	PUBLISHER = {Springer Berlin Heidelberg},
	PAGES = {232-242},
	KEYWORDS = {Artificial General Intelligence; Cognitive AI; Synthetic Intelligence; Psi theory; Motivation; Motivational System; Cognitive Architectures}
}

@INCOLLECTION{xiang:dai-bn,
    AUTHOR = {Yang Xiang},
    TITLE = {Distributed multi-agent probabilistic reasoning with Bayesian networks},
    YEAR = 1994,
    BOOKTITLE = {Methodologies for Intelligent Systems},
    EDITOR = {Zbigniew W. Ras and Maria Zemankova},
    PAGES = {285-294},
    PUBLISHER = {Springer Berlin Heidelberg},
}

@INCOLLECTION{andriessen:disourse-planning,
    AUTHOR = {Jerry Andriessen and Koenraad de Smedt and Michael Zock},
    TITLE = {Discourse planning: {E}mpirical research and computer models},
    YEAR = 1996,
    BOOKTITLE = {Computational psycholinguistics: AI and connectionist models of human language processing},
    EDITOR = {Anton Dijkstra and Koenraad de Smedt},
    PAGES = {247-278},
    PUBLISHER = {Taylor \& Francis},
    KEYWORDS = {discourse, diss}
}

@INCOLLECTION{corkill:blackboard-pros,
    AUTHOR = {D. D. Corkill and K. Q. Gallagher and P. M. Johnson},
    TITLE = {Achieving Flexibility, Efficiency, and Generality in Blackboard Architectures},
    YEAR = 1988,
    BOOKTITLE = {Readings in Distributed Artificial Intelligence},
    EDITOR = {Bond, A. H. and Gasser, L.},
    PAGES = {541-546},
    PUBLISHER = {Kaufmann},
    KEYWORDS = {flexibility, software-architecture, software-quality}
}

@INCOLLECTION{roseman:appraisal-theory,
    AUTHOR = {Ira J. Roseman and Craig A. Smith},
    TITLE = {Appraisal Theory:overview, assumptions, varieties, controversies},
    BOOKTITLE = {Appraisal process in emotion},
    EDITOR = {Klaus R. Scherer and Angela Schorr and Tom Johnstone},
    PAGES = {3-34},
    PUBLISHER = {NY: Oxford University Press},
    YEAR = {2001}
}

@INCOLLECTION{smith:computational-facial-expression,
    AUTHOR = {Craig A. Smith and Heather S. Scott},
    TITLE = {A Componential Approach to the meaning of facial expressions},
    BOOKTITLE = {The psychology of facial expression. Studies in emotion and social interaction},
    EDITOR = {James A. Russell and José Miguel Fernández-Dols},
    PAGES = {229-254},
    PUBLISHER = {NY: Cambridge University Press},
    YEAR = {1997}
}

@INCOLLECTION{scheutz:affect-agent,
	AUTHOR = {Matthias Scheutz and Aaron Sloman},
	TITLE = {AFFECT AND AGENT CONTROL: EXPERIMENTS WITH SIMPLE AFFECTIVE STATES},
	BOOKTITLE = {Intelligent Agent Technology},
	YEAR = 2001,
	PAGES = {200-209},
	PUBLISHER = {World Scientific}
}

@INCOLLECTION{jennings:on-responsible,
	AUTHOR = {Nicholas R. Jennings},
	TITLE = {On Being Responsible},
	BOOKTITLE = {Proceedings of the Third European Workshop on Modelling Autonomous Agents in a Multi-Agent World},
	YEAR = 1992,
	EDITOR = {E. Werner and Y. Demazeau},
	PAGES = {93-102},
	PUBLISHER = {North-Holland}
}

@INCOLLECTION{canamero:designing-activity-selection,
	AUTHOR = {Lola D. Canamero},
	TITLE = {Designing emotions for activity selection in autonomous agents},
	BOOKTITLE = {Emotions in Humans and Artifacts},
	YEAR = 2003,
	EDITOR = {Robert Trappl and Paolo Petta and Sabine Payr},
	PAGES = {115-148},
	PUBLISHER = {MIT Press}
}

@INCOLLECTION{diez:reasoning-uncertainty,
	AUTHOR = {Francisco J. Diez and Marek J. Druzdzel},
	TITLE = {Reasoning under Uncertainty},
	BOOKTITLE = {Encyclopedia of Cognitive Science},
	YEAR = 2003,
	EDITOR = {L. Nadel},
	PAGES = {880-886},
	PUBLISHER = {London: Nature Publishing Group}
}

@INCOLLECTION{marsella:robocup,
	AUTHOR = {Stacy Marsella and Jafar Adibi and Yaser Al-Onaizan and Ali Erdem and Randall Hill and Gal A. Kaminka and Zhun Qiu and Milind Tambe},
	TITLE = {Using an Explicit Teamwork Model and Learning in RoboCup: An Extended Abstract},
	BOOKTITLE = {RoboCup-98: Robot Soccer World Cup II},
	YEAR = 1999,
	VOLUME = {1604},
	PAGES = {237-245},
	PUBLISHER = {Springer Berlin Heidelberg}
}

@INCOLLECTION{prado:robot-emotion-bayesian,
	AUTHOR = {Jose Augusto Prado and Carlos Simplicio and Jorge Dias},
	TITLE = {Robot Emotional State through Bayesian Visuo-Auditory Perception},
	BOOKTITLE = {Technological Innovation for Sustainability},
	YEAR = 2011,
	EDITOR = {Luis M. Camarinha-Matos},
	PAGES = {165-172},
	PUBLISHER = {Springer Berlin Heidelberg}
}

@INCOLLECTION{paiva:emotion-modeling,
	AUTHOR = {Ana Paiva and Iolanda Leite and Tiago Ribeiro},
	TITLE = {Emotion Modeling for Sociable Robots},
	BOOKTITLE = {Handbook of Affective Computing},
	YEAR = 2014,
	EDITOR = {Rafael A. Calvo, Sidney D'Mello, Jonathan Gratch, Arvid Kappas},
	PAGES = {296-308},
	PUBLISHER = {Oxford University Press}
}

@INCOLLECTION{marsella:computational-models,
	AUTHOR = {Stacy Marsella and Jonathan Grath and Paolo Petta},
	TITLE = {Computational Models of Emotion},
	BOOKTITLE = {A Blueprint for Affective Computing: A Sourcebook and Manual},
	YEAR = 2010,
	EDITOR = {Klaus R. Scherer, Tanja Banziger, Etienne Roesch},
	PAGES = {21-41},
	PUBLISHER = {Oxford University Press}
}

@INCOLLECTION{brave:emotion-hci,
	AUTHOR = {Scott Brave and Clifford Nass},
	TITLE = {Emotion in Human-computer Interaction},
	BOOKTITLE = {The Human-computer Interaction Handbook},
	YEAR = 2003,
	EDITOR = {Jacko, Julie A. and Sears, Andrew},
	PAGES = {81-96},
	PUBLISHER = {L. Erlbaum Associates Inc.}
}

@INCOLLECTION{hudlicka:emotinos-reasons,
	AUTHOR = {Eva Hudlicka},
	TITLE = {Reasons for Emotinos: Modeling emotinos in integrated cognitive systems},
	BOOKTITLE = {Integrated Models of Cognitive Systems},
	VOLUME = {59},
	NUMBER = {1-2},
	YEAR = {2007},
	EDITOR = {Wayne D. Gary},
	PAGES = {1-37},
	PUBLISHER = {New York: Oxford University Press}
}

@PHDTHESIS{heeman:model-collaboration-referring,
	AUTHOR = {Peter Anthony Heeman},
	TITLE = {A Computational Model of Collaboration on Referring Expressions},
	YEAR = {1991},
	SCHOOL = {University of Toronto}
}

@PHDTHESIS{jennings:joint-responsibility,
    AUTHOR = {Nicholas R. Jennings},
    TITLE = {{Joint Intentions as a Model of Multi-Agent Cooperation in Complex Dynamic Environments}},
    YEAR = {1992},
    SCHOOL = {Department of Electronic Engineering, University of London}
}

@PHDTHESIS{becker:wasabi,
	AUTHOR = {Christian Becker-asano},
	TITLE = {WASABI: Affect Simulation for Agents with Believable Interactivity},
	YEAR = {2008},
	SCHOOL = {University of Bielefeld}
}

@PHDTHESIS{neal:believable-agents,
	AUTHOR = {W. Scott Neal Reilly},
	TITLE = {Believable Social and Emotional Agents},
	YEAR = {1996},
	SCHOOL = {Carnegie Mellon University}
}

@PHDTHESIS{elliott:affective-reasoner,
	AUTHOR = {Clark Davidson Elliott},
	TITLE = {The Affective Reasoner: A Process Model of Emotions in a Multi-agent System},
	YEAR = {1992},
	SCHOOL = {Northwestern University Institute for the Learning Sciences}
}

@MISC{chong:bbn-decision-planning,
    AUTHOR = {Leon Chong and Raymond Jarvis},
    TITLE = {A Dynamic Bayesian Network Approach to Surveillance Decision Planning},
    YEAR = {2010}
}

@MISC{grootswagers:bbn-applications,
    AUTHOR = {Tijl Grootswagers and Bas Kooiker and Lysanne Sloff},
    TITLE = {Applications of Bayesian Network Models in Cognitive Science},
    YEAR = {2012}
}

@MISC{wehrle:motivations-modeling-emotion,
    AUTHOR = {Thomas Wehrle},
    TITLE = {Motivations behind modeling emotional agents: Whose emotion does your robot have?},
    YEAR = {1998}
}

@TECHREPORT{toussaint:bayesian-motion-planning,
	AUTHOR = {Marc Toussaint},
	TITLE = {Bayesian inference for motion control and planning},
	INSTITUTION = {Machine Learning Group, TU Berlin},
	NUMBER = {2007-22},
	YEAR = {2007}
}